订单号,客户代码（需方）,最终用户,部门代码,最早交货月,订单交货月,保产合同/非保产合同,渠道委托控货标记,制造单元,股份合同性质,品种代码,订单是否变更过(价格变更),订单是否变更过(重量变更),订单是否变更过 (交货信息变更(订单是否变更物流模板)),营销员代码,协议价格类型,渠道强制生效&延付罚息白名单维护（Q01-延付罚息白名单，Q03-强制生效管控名单）,合同是否厂商银（F-融资）,交货方式,运输方式代码,备货转销售,订单是否免息,收条是否有免息政策,收条上做买方付息，做报批件，做过折现的,订货量,订单价格(含税）,总重量,总金额(含税),本客户的平均回款天数:本客户的所有订单sum（订单首次配足款时间-合同强制生效时间）/订单数,本单该客户的平均晚回款比例：(本单客户的本次配足款时间-合同强制生效时间)/本客户的平均回款天数,本品种的平均回款天数:本品种的所有订单sum（订单首次配足款时间-合同强制生效时间）/订单数,本单该品种的平均晚回款比例：(本单品种的本次配足款时间-合同强制生效时间)/本品种的平均回款天数,总件数（按件计）,本客户历史订货总量,本客户历史订单总数（合约数）,本品种历史订单总数（合约数）,强制生效-首付款差值综合（客户）,强制生效-首付款差值综合（品种）,回款时间
QB23500029,008049,008049,QB202100,202306,20230506112004584,Y,N,Z,QZA,L0,Y,N,N,784580,N,N,N,20.0,23.0,N,Y,N,Y,100.0,4573.7428,2880.0,13054407.26,78.83673469,0.317111054,54.24759615,0.460849914,0.0,13054407.26,98.0,832,7726.0,45134.0,25.184027777777775
QB23500034,239811,110181,QB202200,202305,20230506132343416,N,A,Z,QPA,I0,N,N,N,784407,K,N,N,20.0,23.0,N,N,N,N,280.0,4347.7428,2880.0,13054407.26,41.0625,0.04870624,44.75777778,0.044684971,0.0,13054407.26,32.0,450,1314.0,20141.0,1.8708333333333333
QB23500038,129811,129811,QB202200,202305,20230506134842544,Y,A,Z,QPA,I0,N,N,N,784689,K,N,N,20.0,23.0,N,N,N,Y,1000.0,3870.0,3000.0,11847300.0,15,1,44.75777778,0.335137282,0.0,11847300.0,1.0,450,15.0,20141.0,14.81875
QB23500039,045737,111461,QB202200,202305,20230506134937958,N,A,Z,QPA,I0,N,N,N,784670,K,Q03,N,20.0,23.0,N,N,N,N,1000.0,3870.0,3000.0,11847300.0,107.7297297,-0.018564977,44.75777778,-0.044684971,0.0,11847300.0,37.0,450,3986.0,20141.0,-2.0881944444444445
QB23500040,100570,010125,QB202200,202305,20230506135306117,N,A,Z,QPA,I0,N,N,N,784670,K,Q03,N,20.0,23.0,N,N,N,Y,1000.0,3870.0,2000.0,7898200.0,53.63157895,0.093228656,44.75777778,0.111712427,0.0,7898200.0,19.0,450,1019.0,20141.0,4.9736111111111105
QB23500042,008049,008049,QB202100,202306,20230506161127955,Y,N,Z,QZA,L0,Y,N,N,784580,N,N,N,20.0,23.0,N,Y,N,Y,50.0,4573.7428,320.0,1440771.7,78.83673469,0.317111054,54.24759615,0.460849914,0.0,1440771.7,98.0,832,7726.0,45134.0,25.188888888888886
QB23500054,111059,247198,QB202100,202305,20230513074614623,Y,N,Z,QZA,X0,Y,N,N,784589,N,Q03,N,20.0,23.0,Y,Y,N,N,50.0,5823.1386,600.0,3546541.16,25.4,0,66.61853448,0,0.0,3546541.16,5.0,1856,127.0,123644.0,-0.22152777777777777
QB23600014,079217,142803,QB202000,202306,20230506202703999,Y,N,J,QZA,MC,Y,N,N,105289,N,Q03,N,20.0,23.0,N,N,N,N,200.0,4048.3041,2000.0,8254808.2,98.70422535,0.081050228,75.38231353,0.10612569,0.0,8254808.2,71.0,2239,7008.0,168781.0,8.356944444444444
QB23600020,234594,068311,QB202300,202306,20230508112449478,Y,N,M,QZA,ML,Y,N,N,784033,N,N,F,20.0,23.0,N,Y,N,N,50.0,8391.38,50.0,430869.0,14.75409836,7.252222222,101.2702703,1.056578596,0.0,430869.0,61.0,185,900.0,18735.0,38.03472222222222
QB23600024,008363,008363,QB202300,202306,20230508134508873,Y,N,Z,QZA,O0,Y,N,N,784033,N,N,N,20.0,23.0,N,N,N,N,22.0,9096.5,22.0,201863.2,36.57920792,2.433076194,67.4570185,1.319358637,0.0,201863.2,202.0,919,7389.0,61993.0,19.997916666666665
QB23500067,234594,038287,QB202300,202305,20230522162743687,N,N,M,QZA,ML,N,N,N,784667,N,N,F,20.0,23.0,Y,Y,N,N,150.0,8034.3,1150.0,9399905.0,14.75409836,1.355555556,101.2702703,0.197491326,0.0,9399905.0,61.0,185,900.0,18735.0,20.152083333333334
QB23600003,008906,008071,QB202000,202305,20230502161214808,N,N,J,QZA,LC,N,N,N,105237,N,Q01,N,20.0,23.0,N,Y,N,N,54.0,5989.0,54.0,327677.4,84.61266874,0.035455683,64.70043,0.046367543,0.0,327677.4,963.0,2093,81482.0,135418.0,2.724305555555556
QB23600104,262962,043740,QB202300,202306,20230512095657409,Y,N,Z,QZA,O0,Y,N,N,YX4316,N,N,N,20.0,21.0,N,Y,N,N,800.0,6236.0,1500.0,9236750.0,92.43589744,0.854646325,67.4570185,1.171116094,800.0,9236750.0,39.0,919,3605.0,61993.0,9.970833333333333
QB23600043,075969,075969,QB202300,202306,20230510091214948,Y,N,Z,QZA,O0,Y,N,N,784667,N,Q01,F,20.0,23.0,N,N,N,N,100.0,7070.41,550.0,3914150.5,92.6969697,1.067996077,67.4570185,1.467601181,0.0,3914150.5,66.0,919,6118.0,61993.0,29.952083333333334
QB23600044,075969,075969,QB202300,202306,20230510091252551,Y,N,Z,QZA,O0,Y,N,N,784667,N,Q01,F,20.0,23.0,N,N,N,N,11.0,8913.44,11.0,98047.84,92.6969697,1.046420399,67.4570185,1.437952672,0.0,98047.84,66.0,919,6118.0,61993.0,27.756944444444443
QB23600102,262962,043740,QB202300,202306,20230512095605358,Y,N,Z,QZA,O0,Y,N,N,YX4316,N,N,N,20.0,21.0,N,Y,N,N,72.0,8065.94,72.0,586442.88,92.43589744,2.06629681,67.4570185,2.831432581,0.0,586442.88,39.0,919,3605.0,61993.0,51.62291666666667
QB23600108,050819,005138,QB202300,202306,20230512095816062,Y,N,B,QZA,O0,Y,N,N,YX4316,N,Q01,N,10.0,11.0,N,N,N,N,42.0,8426.41,42.0,353909.22,90.3046595,1.207025203,67.4570185,1.615843724,0.0,353909.22,279.0,919,25195.0,61993.0,39.73263888888889
QB23600113,247309,003140,QB202300,202306,20230512113139138,Y,N,M,QZA,T0,Y,N,Y,784920,N,Q01,N,20.0,21.0,N,N,N,N,60.0,7980.06,300.0,2451173.4,69.33333333,1.442307692,56.66350711,1.764804282,0.0,2451173.4,18.0,422,1248.0,23912.0,30.695138888888888
QB23600118,010019,010019,QB202000,202306,20230512134114313,N,N,J,QZA,MC,N,N,N,784034,N,Q01,N,20.0,23.0,N,N,N,N,18.0,10392.61,18.0,187066.98,98.77419355,1.042782495,75.38231353,1.366368252,0.0,187066.98,310.0,2239,30620.0,168781.0,33.891666666666666
QB23600120,270492,000033,QB202100,202306,20230512135003166,Y,N,B,QZA,N0,N,N,N,E80347,N,Q01,N,20.0,23.0,N,Y,N,N,120.0,7433.14,120.0,891976.8,84.55555556,1.111695138,54.82336182,1.714597516,0.0,891976.8,9.0,351,761.0,19243.0,25.211111111111112
QB23600123,010019,003731,QB202000,202306,20230512135128653,N,N,Z,QZA,LC,N,N,N,784034,N,Q01,N,20.0,23.0,N,N,N,N,30.0,8593.65,30.0,257809.5,98.77419355,1.042782495,64.70043,1.591952325,0.0,257809.5,310.0,2093,30620.0,135418.0,33.891666666666666
QB23600124,010019,010019,QB202000,202306,20230512135215680,N,N,Z,QZA,LC,Y,N,N,784034,N,Q01,N,20.0,23.0,N,N,N,N,13.0,7945.03,401.0,3229970.53,98.77419355,1.042782495,64.70043,1.591952325,0.0,3229970.53,310.0,2093,30620.0,135418.0,33.891666666666666
QB23600125,050976,008906,QB202000,202306,20230512135307279,N,N,Z,QZA,LC,N,N,N,105237,N,N,N,20.0,23.0,N,N,N,N,18.0,9713.48,401.0,3229970.53,19.55681818,4.346310285,64.70043,1.313747065,0.0,3229970.53,176.0,2093,3442.0,135418.0,15.775694444444445
QB23600126,270492,000033,QB202100,202306,20230512135436938,Y,N,C,QZA,N0,Y,N,N,E80347,N,Q01,N,20.0,22.0,N,Y,N,N,17.0,9741.73,42.0,383586.41,84.55555556,1.32457293,54.82336182,2.0429247,0.0,383586.41,9.0,351,761.0,19243.0,42.69583333333333
QB23600127,010019,003731,QB202000,202306,20230512135926471,N,N,J,QZA,LC,N,N,N,784034,N,Q01,N,20.0,23.0,N,N,N,N,105.0,5718.93,105.0,608793.15,98.77419355,1.083278903,64.70043,1.653775717,0.0,608793.15,310.0,2093,30620.0,135418.0,38.275
QB23600128,010019,003731,QB202000,202306,20230512135949598,N,N,J,QCY,MC,N,N,N,784034,N,Q01,N,20.0,23.0,Y,N,N,N,18.0,10532.73,494.0,5466729.82,98.77419355,1.042782495,75.38231353,1.366368252,0.0,5466729.82,310.0,2239,30620.0,168781.0,33.64513888888889
QB23600129,050976,008906,QB202000,202306,20230512140409789,N,N,Z,QZA,MC,N,N,N,105237,N,N,N,20.0,23.0,N,N,N,N,265.0,11086.43,494.0,5466729.82,19.55681818,0.613596746,75.38231353,0.159188534,0.0,5466729.82,176.0,2239,3442.0,168781.0,11.75763888888889
QB23600136,247309,003140,QB202300,202306,20230512143457925,Y,A,M,QZA,T0,Y,N,Y,784920,N,Q01,N,20.0,21.0,N,N,N,N,30.0,9652.46,105.0,1017915.3,69.33333333,1.370192308,56.66350711,1.676564068,0.0,1017915.3,18.0,422,1248.0,23912.0,25.492361111111112
QB23600159,067788,000327,QB202100,202306,20230512153915076,Y,N,B,QZA,N0,Y,N,N,E80347,N,N,N,20.0,23.0,N,N,N,N,100.0,6674.91,100.0,675401.0,46.28571429,4.148148148,54.82336182,3.502156628,0.0,675401.0,35.0,351,1620.0,19243.0,52.66527777777778
QB23600139,247309,003140,QB202300,202306,20230512144259669,Y,N,M,QZA,T0,Y,N,N,784920,N,Q01,N,20.0,23.0,N,N,N,N,200.0,5033.02,200.0,1022424.0,69.33333333,1.384615385,56.66350711,1.694212111,0.0,1022424.0,18.0,422,1248.0,23912.0,26.699305555555554
QB23600140,247309,003140,QB202300,202306,20230512144436351,Y,A,M,QZA,T0,Y,N,N,784920,N,Q01,N,20.0,21.0,N,N,N,N,32.0,11036.71,32.0,355705.92,69.33333333,1.427884615,56.66350711,1.74715624,0.0,355705.92,18.0,422,1248.0,23912.0,29.670833333333334
QB23600141,075969,075969,QB202300,202306,20230512144624280,Y,N,Z,QZA,O0,Y,N,N,784033,N,Q01,F,20.0,23.0,N,N,N,N,25.0,4495.14,100.0,432564.0,92.6969697,1.272965021,67.4570185,1.749262013,0.0,432564.0,66.0,919,6118.0,61993.0,49.161111111111104
QB23600146,007821,007821,QB202200,202306,20230512145648518,N,A,M,QZA,I0,Y,N,N,784689,N,Q03,N,20.0,23.0,N,N,N,N,25.0,4269.14,100.0,432564.0,23.50387597,0.765831135,44.75777778,0.402164739,0.0,432564.0,129.0,450,3032.0,20141.0,17.743750000000002
QB23600163,476643,476643,QB202300,202306,20230512155537060,Y,N,Z,QZA,S0,Y,N,N,784665,N,N,N,20.0,23.0,N,N,N,N,29.0,9772.24,403.0,4034104.52,44.93162393,0.400608712,43.39791667,0.414766454,0.0,4034104.52,117.0,480,5257.0,20831.0,18.313194444444445
QB23600160,005660,005660,QB202300,202306,20230512153923889,Y,N,Z,QZA,S0,Y,N,N,784595,N,N,F,20.0,23.0,N,N,N,N,100.0,4859.0,400.0,2012530.0,53.66666667,0.298136646,43.39791667,0.368681292,0.0,2012530.0,21.0,480,1127.0,20831.0,16.01388888888889
QB23600162,A16858,008906,QB202000,202306,20230512155421333,N,N,Z,QZA,LC,N,N,N,105237,N,Q01,N,20.0,23.0,N,N,N,N,300.0,4825.1,300.0,1447530.0,63.70949721,0.172658716,64.70043,0.170014326,0.0,1447530.0,179.0,2093,11404.0,135418.0,11.103472222222223
QB23600169,008906,008906,QB202000,202306,20230512161415607,N,N,Z,QZA,LC,N,N,N,105237,N,Q01,N,20.0,23.0,N,N,N,N,55.0,8493.08,55.0,479549.4,84.61266874,1.004577698,64.70043,1.313747065,0.0,479549.4,963.0,2093,81482.0,135418.0,15.656944444444443
QB23600171,042709,042709,QB202300,202306,20230512162033685,Y,N,Z,QZA,S0,Y,N,N,784595,N,N,F,20.0,23.0,N,Y,N,N,300.0,4974.26,600.0,3059136.0,17.04761905,5.748603352,43.39791667,2.258172915,0.0,3059136.0,42.0,480,716.0,20831.0,28.787499999999998
QB23600172,008906,008906,QB202000,202306,20230512162338061,N,N,Z,QZA,LC,N,N,N,105237,N,Q01,N,20.0,23.0,N,N,N,N,5.0,8357.48,5.0,42917.4,84.61266874,1.004577698,64.70043,1.313747065,0.0,42917.4,963.0,2093,81482.0,135418.0,15.656944444444443
QB23600173,476643,476643,QB202300,202306,20230512162556140,Y,N,Z,QZA,S0,Y,N,N,784665,N,N,N,20.0,23.0,N,N,N,N,100.0,4746.0,100.0,474600.0,44.93162393,0.356096633,43.39791667,0.368681292,0.0,474600.0,117.0,480,5257.0,20831.0,15.887500000000001
QB23600174,008026,008026,QB202300,202306,20230512162640827,Y,A,Z,QZA,O0,Y,N,N,YX4316,N,N,N,20.0,23.0,N,N,N,N,150.0,6934.81,450.0,2952859.5,64.46153846,0.155131265,67.4570185,0.148242544,0.0,2952859.5,13.0,919,838.0,61993.0,9.604861111111111
QB23600175,008363,008363,QB202300,202306,20230512162724214,Y,N,B,QZA,O0,Y,N,N,YX4316,N,N,N,20.0,23.0,N,N,N,N,5.0,7964.24,5.0,39821.2,36.57920792,2.597103803,67.4570185,1.408304163,0.0,39821.2,202.0,919,7389.0,61993.0,25.70486111111111
QB23600178,408185,042709,QB202300,202306,20230512163013700,Y,N,Z,QZA,S0,Y,N,N,784595,N,Q03,N,20.0,23.0,N,N,N,N,27.0,7838.81,117.0,900518.47,17.48333333,1.086749285,43.39791667,0.437809035,0.0,900518.47,60.0,480,1049.0,20831.0,18.681250000000002
QB23600180,008906,008906,QB202000,202306,20230512163829335,N,N,Z,QZA,LC,N,N,N,105237,N,Q01,N,20.0,23.0,N,N,N,Y,100.0,4976.52,350.0,1742912.0,84.61266874,1.016396259,64.70043,1.329202912,0.0,1742912.0,963.0,2093,81482.0,135418.0,16.822222222222223
QB23600181,042709,042709,QB202300,202306,20230512163916437,Y,N,Z,QZA,S0,Y,N,N,784595,N,N,F,20.0,23.0,N,Y,N,N,40.0,8052.38,100.0,834618.0,17.04761905,5.689944134,43.39791667,2.235130335,0.0,834618.0,42.0,480,716.0,20831.0,27.618750000000002
QB23600193,008906,008071,QB202000,202306,20230512172800731,N,N,J,QZA,LC,N,N,N,105237,N,Q01,N,20.0,23.0,N,N,N,N,50.0,4839.79,150.0,754783.5,84.61266874,1.016396259,64.70043,1.329202912,0.0,754783.5,963.0,2093,81482.0,135418.0,16.822916666666668
QB23600195,408185,042709,QB202300,202306,20230512174924461,Y,N,Z,QZA,S0,Y,N,N,784595,N,Q03,N,20.0,23.0,N,N,N,N,70.0,8685.18,180.0,1567852.4,17.48333333,0.857959962,43.39791667,0.345638712,0.0,1567852.4,60.0,480,1049.0,20831.0,14.65486111111111
QB23600182,008906,008906,QB202000,202306,20230512164129470,N,N,Z,QZA,LC,N,N,N,105237,N,Q01,N,20.0,23.0,N,N,N,N,18.0,8058.03,180.0,1567852.4,84.61266874,1.004577698,64.70043,1.313747065,0.0,1567852.4,963.0,2093,81482.0,135418.0,15.654166666666667
QB23600183,008906,008906,QB202000,202306,20230512164827100,N,N,J,QZA,LC,N,N,N,105237,N,Q01,N,20.0,23.0,N,N,N,N,22.0,8058.03,180.0,1567852.4,84.61266874,1.004577698,64.70043,1.313747065,0.0,1567852.4,963.0,2093,81482.0,135418.0,15.654166666666667
QB23600184,408185,042709,QB202300,202306,20230512164854837,Y,N,Z,QZA,S0,Y,N,N,784595,N,Q03,N,20.0,23.0,N,N,N,N,40.0,9238.88,93.0,883623.84,17.48333333,0.857959962,43.39791667,0.345638712,0.0,883623.84,60.0,480,1049.0,20831.0,14.660416666666668
QB23600204,008363,008363,QB202300,202306,20230512183350527,Y,N,Z,QZA,O0,Y,N,N,YX4316,N,N,N,20.0,23.0,N,N,N,N,40.0,6674.91,180.0,1241711.8,36.57920792,2.542427933,67.4570185,1.378655655,0.0,1241711.8,202.0,919,7389.0,61993.0,23.68263888888889
QB23600205,008363,008363,QB202300,202306,20230512183439807,Y,N,Z,QZA,O0,Y,N,N,YX4316,N,N,N,20.0,23.0,N,N,N,N,225.0,6618.41,225.0,1506939.75,36.57920792,2.460414129,67.4570185,1.334182892,0.0,1506939.75,202.0,919,7389.0,61993.0,20.518055555555556
QB23600206,009022,008906,QB202000,202306,20230512183627575,Y,N,Z,QZA,LC,Y,N,N,105237,N,Q01,N,20.0,23.0,N,N,N,N,25.0,8402.68,25.0,212044.5,36.09722222,5.402077722,64.70043,3.013890325,0.0,212044.5,72.0,2093,2599.0,135418.0,56.07916666666667
QB23600214,087437,087437,QB202300,202306,20230512191257283,Y,N,B,QSA,TG,Y,N,N,782078,N,N,N,20.0,23.0,N,N,N,N,50.0,4377.4053,200.0,896951.06,49.75,2.351758794,47.7625,2.449620518,0.0,896951.06,4.0,80,199.0,3821.0,47.97152777777777
QB23600217,050976,008906,QB202000,202306,20230512191554492,N,N,J,QZA,LC,N,N,N,105237,N,N,N,20.0,23.0,N,N,N,N,60.0,10729.35,60.0,643761.0,19.55681818,4.601975596,64.70043,1.391026304,0.0,643761.0,176.0,2093,3442.0,135418.0,20.59375
QB23600218,008049,008049,QB202100,202306,20230512191620573,Y,N,Z,QZA,L0,Y,N,N,784580,N,N,N,20.0,23.0,N,N,N,Y,50.0,8526.98,50.0,426349.0,78.83673469,0.17758219,54.24759615,0.258075952,0.0,426349.0,98.0,832,7726.0,45134.0,14.03125
QB23600222,087437,087437,QB202300,202306,20230512191732146,Y,N,B,QSA,TG,Y,N,N,782078,N,N,N,20.0,23.0,N,N,N,N,150.0,4347.7428,1110.0,4960125.51,49.75,2.351758794,47.7625,2.449620518,0.0,4960125.51,4.0,80,199.0,3821.0,48.422222222222224
QB23600223,007098,007098,QB202000,202306,20230512192006919,Y,N,Z,QZD,LC,Y,N,N,783412,N,Q03,N,20.0,23.0,N,Y,N,N,80.0,4347.7428,1110.0,4960125.51,95.79104478,2.098317233,64.70043,3.106625412,0.0,4960125.51,67.0,2093,6418.0,135418.0,62.25972222222222
QB23600225,008981,342330,QB202000,202306,20230512193941586,N,N,J,QZD,LC,Y,N,N,105209,N,N,N,20.0,23.0,N,N,N,N,15.0,10910.15,15.0,164838.75,30.43478261,3.187142857,64.70043,1.499217238,0.0,164838.75,115.0,2093,3500.0,135418.0,27.746527777777775
QB23600227,008049,008049,QB202100,202306,20230512194343976,Y,N,Z,QZA,L0,Y,N,N,784580,N,N,N,20.0,23.0,N,N,N,Y,25.0,4377.4053,210.0,940047.11,78.83673469,1.319181983,54.24759615,1.917135641,0.0,940047.11,98.0,832,7726.0,45134.0,35.25138888888889
QB23600230,008049,008049,QB202100,202306,20230512200026835,Y,N,Z,QZA,L0,Y,N,N,784580,N,N,N,20.0,23.0,N,N,N,Y,50.0,4347.7428,375.0,1671931.05,78.83673469,2.435412892,54.24759615,3.539327336,0.0,1671931.05,98.0,832,7726.0,45134.0,53.30694444444444
QB23600228,008363,008363,QB202300,202306,20230512194428375,Y,N,B,QZA,O0,Y,N,N,YX4316,N,N,N,20.0,23.0,N,N,N,N,100.0,4573.7428,3012.0,13888932.51,36.57920792,3.089186629,67.4570185,1.675140742,0.0,13888932.51,202.0,919,7389.0,61993.0,44.22986111111111
QB23600231,050976,008906,QB202000,202306,20230512200240050,N,N,Z,QZA,MC,N,N,N,105237,N,N,N,20.0,23.0,N,N,N,N,30.0,8895.36,110.0,1022785.6,19.55681818,0.613596746,75.38231353,0.159188534,0.0,1022785.6,176.0,2239,3442.0,168781.0,11.75763888888889
QB23600232,007098,007098,QB202000,202306,20230512200603086,Y,N,Z,QZD,LC,Y,N,N,783412,N,Q03,N,20.0,23.0,N,Y,N,N,25.0,4400.0053,210.0,936148.61,95.79104478,2.098317233,64.70043,3.106625412,0.0,936148.61,67.0,2093,6418.0,135418.0,61.80902777777778
QB23600236,050976,008906,QB202000,202306,20230512203524152,N,N,Z,QZA,LC,N,N,N,105237,N,N,N,20.0,23.0,N,N,N,N,100.0,4645.995,200.0,967619.0,19.55681818,4.550842533,64.70043,1.375570456,0.0,967619.0,176.0,2093,3442.0,135418.0,20.118750000000002
QB23600237,050976,008906,QB202000,202306,20230512204021094,N,N,Z,QZA,MC,N,N,N,105237,N,N,N,20.0,23.0,N,N,N,N,25.0,8606.08,150.0,1284414.5,19.55681818,4.346310285,75.38231353,1.127585451,0.0,1284414.5,176.0,2239,3442.0,168781.0,15.52986111111111
QB23600239,B08264,B08264,QB202100,202306,20230512204654491,Y,N,Z,QZA,L0,Y,N,N,784580,N,N,F,20.0,23.0,N,N,N,N,45.0,8459.18,150.0,1284414.5,39.78443114,0.351896448,54.24759615,0.258075952,0.0,1284414.5,167.0,832,6644.0,45134.0,13.805555555555555
QB23600241,B08264,B08264,QB202100,202306,20230512204856261,Y,N,Z,QZA,L0,Y,N,N,784580,N,N,N,20.0,23.0,N,N,N,N,25.0,11087.56,48.0,480381.08,39.78443114,0.326760987,54.24759615,0.239641955,0.0,480381.08,167.0,832,6644.0,45134.0,12.615972222222224
QB23600234,468015,170456,QB202100,202306,20230512202403185,Y,N,Z,QZA,L0,Y,N,N,784580,N,N,N,20.0,23.0,N,N,N,N,100.0,4633.339,700.0,3221867.3,14.42222222,0.208012327,54.24759615,0.05530199,0.0,3221867.3,45.0,832,649.0,45134.0,3.4145833333333333
QB23600235,050976,008906,QB202000,202306,20230512203110434,N,N,Z,QZA,LC,N,N,N,105237,N,N,N,20.0,23.0,N,N,N,N,200.0,4497.739,700.0,3221867.3,19.55681818,4.550842533,64.70043,1.375570456,0.0,3221867.3,176.0,2093,3442.0,135418.0,20.118750000000002
QB23600242,468015,170456,QB202100,202306,20230512204944127,Y,N,Z,QZA,L0,Y,N,N,784580,N,N,N,20.0,23.0,N,N,N,N,50.0,5845.49,480.0,2826570.7,14.42222222,-0.069337442,54.24759615,-0.018433997,0.0,2826570.7,45.0,832,649.0,45134.0,-0.44236111111111115
QB23600250,008981,342330,QB202000,202306,20230512205815692,Y,N,Z,QZD,LC,Y,N,N,105209,N,N,N,20.0,23.0,N,N,N,N,51.0,4682.5053,339.0,1588646.2,30.43478261,6.998571429,64.70043,3.292095586,0.0,1588646.2,115.0,2093,3500.0,135418.0,74.25486111111111
QB23600249,A17253,A17253,QB202100,202306,20230512205807946,Y,N,B,QZA,N0,Y,N,N,E80347,N,N,N,20.0,23.0,N,N,N,N,25.0,4659.9053,247.0,1183902.21,14.4,8.055555556,54.82336182,2.115886296,0.0,1183902.21,5.0,351,72.0,19243.0,46.87569444444444
QB23600252,050976,008906,QB202000,202306,20230512210702579,N,N,Z,QZA,MC,N,N,N,105237,N,N,N,20.0,23.0,N,N,N,N,30.0,11556.51,75.0,865043.25,19.55681818,4.346310285,75.38231353,1.127585451,0.0,865043.25,176.0,2239,3442.0,168781.0,15.52986111111111
QB23600254,007767,007767,QB202100,202306,20230512210845211,Y,N,B,QZA,N0,N,N,N,E80347,N,N,N,20.0,23.0,N,N,N,N,80.0,6707.68,130.0,876631.4,47.41666667,0.210896309,54.82336182,0.182403991,0.0,876631.4,12.0,351,569.0,19243.0,10.345138888888888
QB23600261,009022,008906,QB202000,202306,20230512212053809,Y,N,Z,QZA,MC,Y,N,N,105237,N,Q01,N,20.0,23.0,N,N,N,N,40.0,9443.41,40.0,380900.4,36.09722222,5.457483648,75.38231353,2.613345104,0.0,380900.4,72.0,2239,2599.0,168781.0,58.22430555555556
QB23600262,050976,008906,QB202000,202306,20230512212707556,N,N,Z,QZA,MC,N,N,N,105237,N,N,N,20.0,23.0,N,N,N,N,25.0,11240.11,25.0,282980.25,19.55681818,0.71586287,75.38231353,0.185719957,0.0,282980.25,176.0,2239,3442.0,168781.0,13.789583333333333
QB23600269,010080,008906,QB202000,202306,20230512221931363,N,N,Z,QZA,MC,Y,N,N,105237,N,Q01,N,20.0,22.0,N,N,N,N,70.0,8837.73,643.0,5669733.19,55.01984127,3.744103859,75.38231353,2.732736505,0.0,5669733.19,252.0,2239,13865.0,168781.0,66.78402777777778
QB23600281,A17242,121983,QB202000,202306,20230513132253165,Y,N,Z,QZD,LC,Y,N,N,105209,N,N,N,20.0,23.0,N,N,N,N,50.0,4626.0053,500.0,2256785.15,74.06382979,0.216029876,64.70043,0.247293565,0.0,2256785.15,47.0,2093,3481.0,135418.0,15.827777777777778
QB23600306,050976,008906,QB202000,202306,20230515104112770,N,N,Z,QZA,X0,N,N,N,105237,N,N,N,20.0,23.0,N,N,N,N,100.0,4377.4053,1000.0,4448595.3,19.55681818,0.818128995,66.61853448,0.240173401,0.0,4448595.3,176.0,1856,3442.0,123644.0,15.934722222222222
QB23600307,052370,011022,QB202000,202306,20230515104831980,Y,N,Z,QZA,LC,N,N,N,105209,N,Q01,N,20.0,23.0,N,N,N,N,42.0,4099.9451,42.0,175519.89,61.71980676,0.162022542,64.70043,0.154558478,0.0,175519.89,621.0,2093,38328.0,135418.0,9.761111111111111
QB23600308,050976,008906,QB202000,202306,20230515105240568,N,N,Z,QZA,X0,N,N,N,105237,N,N,N,20.0,23.0,N,N,N,N,50.0,7262.51,70.0,507245.7,19.55681818,0.613596746,66.61853448,0.180130051,0.0,507245.7,176.0,1856,3442.0,123644.0,11.749305555555557
QB23600296,306500,306500,QB202100,202306,20230515092902275,Y,N,Z,QZA,X0,Y,N,N,784589,N,N,N,20.0,23.0,N,N,N,N,60.0,8714.56,60.0,527619.6,10,1,66.61853448,0.150108376,0.0,527619.6,1.0,1856,10.0,123644.0,9.502083333333333
QB23600303,050976,008906,QB202000,202306,20230515102829773,N,N,Z,QZA,X0,N,N,N,105237,N,N,N,20.0,23.0,N,N,N,N,50.0,7443.31,182.0,1382582.12,19.55681818,0.613596746,66.61853448,0.180130051,0.0,1382582.12,176.0,1856,3442.0,123644.0,11.756944444444445
QB23600304,050976,008906,QB202000,202306,20230515103152613,N,N,Z,QZA,X0,N,N,N,105237,N,N,N,20.0,23.0,N,N,N,N,30.0,7629.76,182.0,1382582.12,19.55681818,0.613596746,66.61853448,0.180130051,0.0,1382582.12,176.0,1856,3442.0,123644.0,11.756944444444445
QB23600326,A16858,008388,QB202000,202306,20230515134244115,Y,N,Z,QZD,LC,N,N,N,784034,N,Q01,N,20.0,23.0,N,N,N,N,50.0,7725.81,50.0,390245.5,63.70949721,0.235443704,64.70043,0.231837717,0.0,390245.5,179.0,2093,11404.0,135418.0,14.861805555555556
QB23600309,052370,011022,QB202000,202306,20230515110004676,Y,N,Z,QZA,LC,N,N,N,105209,N,Q01,N,20.0,23.0,N,N,N,Y,27.0,8793.66,47.0,417019.72,61.71980676,0.162022542,64.70043,0.154558478,0.0,417019.72,621.0,2093,38328.0,135418.0,9.725
QB23600316,052370,011022,QB202000,202306,20230515114708152,Y,N,Z,QZA,LC,N,N,N,105209,N,Q01,N,20.0,23.0,N,N,N,N,20.0,8793.66,47.0,417019.72,61.71980676,0.162022542,64.70043,0.154558478,0.0,417019.72,621.0,2093,38328.0,135418.0,9.724305555555555
QB23600317,052370,011022,QB202000,202306,20230515121546703,N,N,J,QZA,LC,N,N,N,105209,N,Q01,N,20.0,23.0,N,N,N,N,25.0,8493.08,25.0,212327.0,61.71980676,0.145820288,64.70043,0.13910263,0.0,212327.0,621.0,2093,38328.0,135418.0,8.688888888888888
QB23600318,050976,008906,QB202000,202306,20230515130623919,N,N,Z,QZA,X0,N,N,N,105237,N,N,N,20.0,23.0,N,N,N,N,35.0,7573.26,85.0,643727.1,19.55681818,0.613596746,66.61853448,0.180130051,0.0,643727.1,176.0,1856,3442.0,123644.0,11.749305555555557
QB23600320,050976,008906,QB202000,202306,20230515130919043,N,N,Z,QZA,LC,N,N,N,105237,N,N,N,20.0,23.0,N,N,N,N,50.0,7742.76,72.0,553749.72,19.55681818,0.613596746,64.70043,0.185470174,0.0,553749.72,176.0,2093,3442.0,135418.0,11.749305555555557
QB23600321,050976,008906,QB202000,202306,20230515131405959,N,N,Z,QZA,X0,N,N,N,105237,N,N,N,20.0,23.0,N,N,N,N,22.0,7573.26,72.0,553749.72,19.55681818,0.613596746,66.61853448,0.180130051,0.0,553749.72,176.0,1856,3442.0,123644.0,11.749305555555557
QB23600324,050976,008906,QB202000,202306,20230515131952634,N,N,Z,QZA,X0,N,N,N,105237,N,N,N,20.0,23.0,N,N,N,N,40.0,5526.83,162.0,908205.86,19.55681818,0.664729808,66.61853448,0.195140888,0.0,908205.86,176.0,1856,3442.0,123644.0,12.786805555555555
QB23600327,010019,010019,QB202000,202306,20230515135124920,N,N,J,QZA,LC,N,N,N,784034,N,Q01,N,20.0,23.0,N,N,N,N,30.0,8171.03,610.0,5188598.4,98.77419355,1.042782495,64.70043,1.591952325,0.0,5188598.4,310.0,2093,30620.0,135418.0,33.890972222222224
QB23600334,055963,066314,QB202400,202306,20230515152831313,N,N,B,QZA,D0,N,N,N,783375,N,N,N,20.0,23.0,N,N,N,N,150.0,4409.6216,300.0,1335598.98,11,1.272727273,35.77678571,0.391315198,0.0,1335598.98,10.0,112,110.0,4007.0,13.585416666666667
QB23600349,008906,008906,QB202000,202306,20230515163643173,N,N,Z,QZA,X0,N,N,N,105237,N,Q01,N,20.0,23.0,N,N,N,N,50.0,4089.5039,1000.0,4038653.9,84.61266874,1.004577698,66.61853448,1.275921193,0.0,4038653.9,963.0,1856,81482.0,123644.0,15.68611111111111
QB23600359,A13028,A13028,QB202400,202306,20230515165610467,N,N,B,QZA,D0,N,N,N,782822,N,N,N,20.0,23.0,N,N,N,N,200.0,3897.4039,1000.0,3981023.9,19.85714286,4.381294964,35.77678571,2.431744447,0.0,3981023.9,7.0,112,139.0,4007.0,17.882638888888888
QB23600361,008906,008906,QB202000,202306,20230515165644766,N,N,Z,QZA,X0,N,N,N,105237,N,Q01,N,20.0,23.0,N,N,N,N,250.0,3897.4039,1000.0,3981023.9,84.61266874,1.004577698,66.61853448,1.275921193,0.0,3981023.9,963.0,1856,81482.0,123644.0,15.686805555555557
QB23600351,008906,008906,QB202000,202306,20230515164419294,N,N,Z,QZA,X0,N,N,N,105237,N,Q01,N,20.0,23.0,N,N,N,N,20.0,7477.21,35.0,280149.6,84.61266874,1.016396259,66.61853448,1.290932031,0.0,280149.6,963.0,1856,81482.0,123644.0,16.65277777777778
QB23600353,009022,008906,QB202000,202306,20230515164917502,Y,N,Z,QZA,X0,N,N,N,105237,N,Q01,N,20.0,23.0,N,N,N,N,5.0,10375.66,5.0,52273.8,36.09722222,0.41554444,66.61853448,0.225162563,0.0,52273.8,72.0,1856,2599.0,123644.0,14.72013888888889
QB23600356,052370,011022,QB202000,202306,20230515165206087,Y,N,Z,QZA,MC,N,N,N,105209,N,Q01,N,20.0,23.0,N,N,N,N,50.0,8465.96,147.0,1277718.12,61.71980676,0.162022542,75.38231353,0.132657112,0.0,1277718.12,621.0,2239,38328.0,168781.0,9.725
QB23600357,010080,008906,QB202000,202306,20230515165246051,Y,N,Z,QZA,X0,N,N,N,105237,N,Q01,N,20.0,22.0,N,N,N,N,22.0,8465.96,147.0,1277718.12,55.01984127,0.181752614,66.61853448,0.150108376,0.0,1277718.12,252.0,1856,13865.0,123644.0,9.545833333333333
QB23600372,008906,008906,QB202000,202306,20230515201850694,N,N,B,QZA,X0,N,N,N,105237,N,Q01,N,20.0,23.0,N,N,N,Y,93.0,5559.6,193.0,1073002.8,84.61266874,0.980940576,66.61853448,1.245899518,0.0,1073002.8,963.0,1856,81482.0,123644.0,13.77986111111111
QB23600365,052370,011022,QB202000,202306,20230515170057323,Y,N,Z,QZA,MC,N,N,N,105209,N,Q01,N,20.0,23.0,N,N,N,N,25.0,8296.46,45.0,377860.7,61.71980676,0.162022542,75.38231353,0.132657112,0.0,377860.7,621.0,2239,38328.0,168781.0,9.727083333333333
QB23600366,052370,008906,QB202000,202306,20230515170223492,N,N,B,QZA,X0,Y,N,N,105237,N,Q01,N,20.0,23.0,N,N,N,N,20.0,8013.96,45.0,377860.7,61.71980676,0.162022542,66.61853448,0.150108376,0.0,377860.7,621.0,1856,38328.0,123644.0,9.72638888888889
QB23600367,052370,008906,QB202000,202306,20230515174234171,N,N,Z,QZA,X0,Y,N,N,105237,N,Q01,N,20.0,23.0,N,N,N,N,25.0,8465.96,85.0,740172.6,61.71980676,0.162022542,66.61853448,0.150108376,0.0,740172.6,621.0,1856,38328.0,123644.0,9.72638888888889
QB23600369,010080,010127,QB202000,202306,20230515191503710,Y,N,Z,QZA,MC,N,N,N,105209,N,Q01,N,20.0,22.0,N,N,N,N,20.0,10755.34,50.0,546807.0,55.01984127,1.672124053,75.38231353,1.220445429,0.0,546807.0,252.0,2239,13865.0,168781.0,22.929166666666664
QB23600370,010080,010127,QB202000,202306,20230515191842045,Y,N,Z,QZA,MC,N,N,N,105209,N,Q01,N,20.0,22.0,N,N,N,N,160.0,10702.23,180.0,1937249.4,55.01984127,1.672124053,75.38231353,1.220445429,0.0,1937249.4,252.0,2239,13865.0,168781.0,22.929166666666664
QB23600371,010080,010127,QB202000,202306,20230515192839324,Y,N,Z,QZA,MC,N,N,N,105209,N,Q01,N,20.0,22.0,N,N,N,N,20.0,10532.73,180.0,1937249.4,55.01984127,1.672124053,75.38231353,1.220445429,0.0,1937249.4,252.0,2239,13865.0,168781.0,22.929166666666664
QB23600374,008906,008906,QB202000,202306,20230515205732262,N,N,B,QZA,X0,N,N,N,105237,N,Q01,N,20.0,23.0,N,N,N,N,10.0,9030.96,10.0,92569.6,84.61266874,1.004577698,66.61853448,1.275921193,0.0,92569.6,963.0,1856,81482.0,123644.0,15.654166666666667
QB23600375,008906,008906,QB202000,202306,20230515211345366,N,N,B,QZA,X0,N,N,N,105237,N,Q01,N,20.0,23.0,N,N,N,Y,5.0,9302.16,5.0,47640.8,84.61266874,1.004577698,66.61853448,1.275921193,0.0,47640.8,963.0,1856,81482.0,123644.0,15.654166666666667
QB23600376,008906,008906,QB202000,202306,20230515213800181,N,N,Z,QZA,X0,N,N,N,105237,N,Q01,N,20.0,23.0,N,N,N,Y,18.0,7629.76,48.0,405834.98,84.61266874,1.004577698,66.61853448,1.275921193,0.0,405834.98,963.0,1856,81482.0,123644.0,15.654166666666667
QB23600377,008906,008906,QB202000,202306,20230515231934827,N,N,Z,QZA,X0,N,N,N,105237,N,Q01,N,20.0,23.0,N,N,N,N,5.0,7951.81,5.0,40889.05,84.61266874,1.004577698,66.61853448,1.275921193,0.0,40889.05,963.0,1856,81482.0,123644.0,15.65486111111111
QB23600378,A17130,A17130,QB202000,202306,20230516081942015,N,N,Z,QZA,LC,N,N,N,105209,N,Q01,N,20.0,23.0,N,N,N,N,10.0,6457.95,65.0,431095.0,54.93406593,1.856771354,64.70043,1.576496478,0.0,431095.0,91.0,2093,4999.0,135418.0,32.78194444444444
QB23600384,237556,086141,QB202000,202306,20230516085750221,Y,A,J,QZA,MC,N,N,N,105209,N,N,N,20.0,23.0,N,N,N,N,20.0,11392.66,40.0,455028.4,80.66666667,1.152892562,75.38231353,1.23371114,0.0,455028.4,3.0,2239,242.0,168781.0,23.74791666666667
QB23600390,008906,008906,QB202000,202306,20230516101802573,N,N,M,QZA,X0,N,N,N,105237,N,Q01,N,20.0,23.0,N,N,N,N,18.0,8234.31,36.0,304571.16,84.61266874,1.004577698,66.61853448,1.275921193,0.0,304571.16,963.0,1856,81482.0,123644.0,15.65486111111111
QB23600396,010080,008906,QB202000,202306,20230516130536004,N,N,B,QZA,X0,N,N,N,105237,N,Q01,N,20.0,23.0,N,N,N,N,30.0,4311.6054,116.0,507965.83,55.01984127,0.181752614,66.61853448,0.150108376,0.0,507965.83,252.0,1856,13865.0,123644.0,9.579166666666667
QB23600397,008981,008981,QB202300,202306,20230516132909447,Y,N,M,QZA,ML,Y,N,N,784033,N,N,N,20.0,23.0,N,N,N,N,28.0,4142.1054,116.0,507965.83,30.43478261,0.46,101.2702703,0.138243928,0.0,507965.83,115.0,185,3500.0,18735.0,13.830555555555556
QB23600398,115740,188734,QB202500,202306,20230516133532400,N,A,Z,QZA,J0,N,N,N,784628,N,Q03,N,20.0,21.0,N,Y,N,N,54.0,6200.31,133.0,812844.03,93.66666667,0.138790036,59.58059211,0.218191856,0.0,812844.03,24.0,608,2248.0,36225.0,13.048611111111112
QB23600400,010080,008906,QB202000,202306,20230516134141465,N,N,B,QZA,X0,N,N,N,105237,N,Q01,N,20.0,23.0,N,N,N,N,10.276,4965.22,513.382,2527853.4,55.01984127,0.109051569,66.61853448,0.090065025,4.0,2527853.4,252.0,1856,13865.0,123644.0,5.833333333333333
QB23600401,115740,188734,QB202500,202306,20230516135817803,N,A,Z,QZA,J0,N,N,N,784628,N,Q03,N,20.0,21.0,N,Y,N,N,1.923,5021.72,513.382,2527853.4,93.66666667,0.106761566,59.58059211,0.16783989,1.0,2527853.4,24.0,608,2248.0,36225.0,9.940972222222223
QB23600405,052370,008906,QB202000,202306,20230516144142639,N,N,J,QZA,LC,N,N,N,105237,N,Q01,N,20.0,23.0,N,N,N,Y,420.0,10772.29,420.0,4557583.8,61.71980676,0.162022542,64.70043,0.154558478,0.0,4557583.8,621.0,2093,38328.0,135418.0,9.731944444444444
QB23600407,010080,010127,QB202000,202306,20230516144954194,N,N,J,QZA,LC,N,N,N,105209,N,Q01,N,20.0,23.0,N,N,N,N,20.0,9719.13,70.0,662117.85,55.01984127,1.672124053,64.70043,1.421937999,0.0,662117.85,252.0,2093,13865.0,135418.0,22.68472222222222
QB23600415,052370,011022,QB202000,202306,20230516153744347,Y,N,Z,QZA,LC,N,N,N,105209,N,Q01,N,20.0,23.0,N,N,N,Y,300.0,4225.9966,800.0,3386447.28,61.71980676,0.162022542,64.70043,0.154558478,0.0,3386447.28,621.0,2093,38328.0,135418.0,9.763194444444444
QB23600402,052370,011022,QB202000,202306,20230516142332163,Y,N,Z,QZA,MC,N,N,N,105209,N,Q01,N,20.0,23.0,N,N,N,Y,500.0,4096.9054,2000.0,8205110.8,61.71980676,0.162022542,75.38231353,0.132657112,0.0,8205110.8,621.0,2239,38328.0,168781.0,9.762500000000001
QB23600422,052370,008906,QB202000,202306,20230516161049810,N,N,Z,QZA,LC,Y,N,N,105237,N,Q01,N,20.0,23.0,N,N,N,Y,200.0,3950.0054,2000.0,8205110.8,61.71980676,0.162022542,64.70043,0.154558478,0.0,8205110.8,621.0,2093,38328.0,135418.0,9.764583333333333
QB23600423,053432,139839,QB202100,202306,20230516161601118,Y,N,Z,QZA,X0,Y,N,N,784589,N,Q03,N,20.0,23.0,N,Y,N,N,100.0,3927.4054,2000.0,8205110.8,44.17518248,0.339557171,66.61853448,0.225162563,0.0,8205110.8,137.0,1856,6052.0,123644.0,14.852777777777776
QB23600424,052370,008906,QB202000,202306,20230516164044042,N,N,Z,QZA,MC,Y,N,N,105237,N,Q01,N,20.0,23.0,N,N,N,Y,20.0,8628.68,45.0,391398.1,61.71980676,0.145820288,75.38231353,0.119391401,0.0,391398.1,621.0,2239,38328.0,168781.0,8.9375
QB23600426,052370,008906,QB202000,202306,20230516170057928,N,N,J,QZA,LC,N,N,N,105237,N,Q01,N,20.0,23.0,N,N,N,Y,30.0,8838.86,281.0,2792068.41,61.71980676,0.145820288,64.70043,0.13910263,0.0,2792068.41,621.0,2093,38328.0,135418.0,8.9375
QB23600430,050976,008906,QB202000,202306,20230516170250194,N,N,Z,QZA,LC,N,N,N,105237,N,N,N,20.0,23.0,N,N,N,N,29.0,9053.56,281.0,2792068.41,19.55681818,0.613596746,64.70043,0.185470174,0.0,2792068.41,176.0,2093,3442.0,135418.0,11.99236111111111
QB23600443,052370,011022,QB202000,202306,20230516175542236,N,N,C,QZA,LC,N,N,N,105209,N,Q01,N,20.0,22.0,N,Y,N,Y,30.0,8425.28,148.0,1235053.84,61.71980676,0.226831559,64.70043,0.216381869,0.0,1235053.84,621.0,2093,38328.0,135418.0,13.594444444444443
QB23600433,468015,170456,QB202100,202306,20230516170804212,Y,N,Z,QZA,L0,Y,N,N,784580,N,N,N,20.0,23.0,N,N,N,N,80.0,4668.595,370.0,1683084.15,14.42222222,0.138674884,54.24759615,0.036867993,0.0,1683084.15,45.0,832,649.0,45134.0,1.8020833333333333
QB23600434,052370,008906,QB202000,202306,20230516171217030,N,N,J,QZA,LC,N,N,N,105237,N,Q01,N,20.0,23.0,N,N,N,Y,80.0,9741.73,80.0,797418.4,61.71980676,0.145820288,64.70043,0.13910263,0.0,797418.4,621.0,2093,38328.0,135418.0,8.69513888888889
QB23600435,052370,008906,QB202000,202306,20230516171220053,N,N,J,QZA,LC,N,N,N,105237,N,Q01,N,20.0,23.0,N,N,N,Y,30.0,7262.51,30.0,217875.3,61.71980676,0.145820288,64.70043,0.13910263,0.0,217875.3,621.0,2093,38328.0,135418.0,8.694444444444445
QB23600439,050976,008906,QB202000,202306,20230516172238053,N,N,Z,QZA,X0,N,N,N,105237,N,N,N,20.0,23.0,N,N,N,N,20.0,8453.53,150.0,1211727.25,19.55681818,0.613596746,66.61853448,0.180130051,0.0,1211727.25,176.0,1856,3442.0,123644.0,11.988194444444444
QB23600445,050976,008906,QB202000,202306,20230516180739743,N,N,Z,QZA,MC,N,N,N,105237,N,N,N,20.0,23.0,N,N,N,N,30.0,8499.86,50.0,428383.0,19.55681818,0.613596746,75.38231353,0.159188534,0.0,428383.0,176.0,2239,3442.0,168781.0,11.743055555555555
QB23600448,050976,008906,QB202000,202306,20230516181223567,N,N,Z,QZA,X0,N,N,N,105237,N,N,N,20.0,23.0,N,N,N,N,25.0,7319.01,25.0,182975.25,19.55681818,0.613596746,66.61853448,0.180130051,0.0,182975.25,176.0,1856,3442.0,123644.0,11.743055555555555
QB23600451,032832,032832,QB202300,202306,20230516182526046,Y,N,M,QZA,T0,Y,N,N,784920,N,Q01,N,20.0,23.0,N,N,Y,N,48.0,7502.07,96.0,719656.32,92.66666667,3.086330935,56.66350711,5.047340248,0.0,719656.32,6.0,422,556.0,23912.0,77.82083333333334
QB23600456,468015,170456,QB202100,202306,20230516193239521,Y,N,Z,QZA,L0,Y,N,N,784580,N,N,N,20.0,23.0,N,N,N,N,40.0,9148.48,40.0,388539.2,14.42222222,0.138674884,54.24759615,0.036867993,0.0,388539.2,45.0,832,649.0,45134.0,1.8527777777777779
QB23600461,050104,008906,QB202000,202306,20230516203557484,N,N,M,QZA,X0,N,N,N,105237,N,Q01,N,20.0,21.0,N,N,N,N,100.0,4725.095,720.0,3368620.4,64.33333333,1.367875648,66.61853448,1.320953706,0.0,3368620.4,12.0,1856,772.0,123644.0,18.460416666666667
QB23600465,007098,007098,QB202100,202306,20230516213335368,Y,N,Z,QZA,L0,Y,N,N,784629,N,Q03,N,20.0,23.0,N,N,N,N,80.0,4476.495,720.0,3368620.4,95.79104478,0.991741976,54.24759615,1.751229672,0.0,3368620.4,67.0,832,6418.0,45134.0,25.400694444444444
QB23600452,039574,008071,QB202000,202306,20230516184211476,N,A,C,QSA,LC,Y,N,N,105237,N,Q01,N,20.0,21.0,N,N,N,N,40.0,6356.25,40.0,257414.0,50.40384615,0.178557802,64.70043,0.13910263,0.0,257414.0,52.0,2093,2621.0,135418.0,8.940277777777778
QB23600467,007098,129886,QB202100,202306,20230516213911832,Y,N,Z,QZA,L0,Y,N,N,784629,N,Q03,N,20.0,23.0,N,N,N,N,42.0,4640.345,244.0,1128944.58,95.79104478,3.058741041,54.24759615,5.401160987,0.0,1128944.58,67.0,832,6418.0,45134.0,85.02638888888889
QB23600469,008363,008363,QB202300,202306,20230516214652938,Y,N,Z,QZA,O0,Y,N,N,YX4316,N,N,N,20.0,23.0,N,N,N,N,60.0,4781.595,200.0,960726.0,36.57920792,2.487752064,67.4570185,1.349007146,0.0,960726.0,202.0,919,7389.0,61993.0,22.263194444444448
QB23600486,A02146,088318,QB202000,202306,20230517072303131,N,N,J,QZA,MC,N,N,N,105209,N,Q01,N,10.0,11.0,N,N,N,N,28.0,10064.91,28.0,284032.28,53.02941176,1.734886301,75.38231353,1.220445429,0.0,284032.28,68.0,2239,3606.0,168781.0,23.070138888888888
QB23600473,008363,008363,QB202300,202306,20230516215022552,Y,N,Z,QZA,O0,Y,N,N,YX4316,N,N,N,20.0,23.0,N,N,N,N,25.0,8221.88,45.0,380154.6,36.57920792,2.515089999,67.4570185,1.3638314,0.0,380154.6,202.0,919,7389.0,61993.0,22.74722222222222
QB23600477,052370,008906,QB202000,202306,20230517071620290,N,N,J,QZA,LC,N,N,N,105237,N,Q01,N,20.0,23.0,N,N,N,Y,90.0,8312.28,90.0,798955.2,61.71980676,0.145820288,64.70043,0.13910263,0.0,798955.2,621.0,2093,38328.0,135418.0,8.69513888888889
QB23600478,039574,008906,QB202000,202306,20230517072021733,N,N,J,QZA,LC,Y,N,N,105237,N,Q01,N,20.0,23.0,N,N,N,N,22.0,7951.81,22.0,176680.02,50.40384615,0.277756581,64.70043,0.216381869,0.0,176680.02,52.0,2093,2621.0,135418.0,13.956944444444444
QB23600479,039574,008906,QB202000,202306,20230517072025240,N,N,J,QZA,LC,Y,N,N,105237,N,Q01,N,20.0,23.0,N,N,N,N,150.0,12268.41,150.0,1852126.5,50.40384615,0.277756581,64.70043,0.216381869,0.0,1852126.5,52.0,2093,2621.0,135418.0,13.955555555555556
QB23600480,039574,008906,QB202000,202306,20230517072028971,N,N,J,QZA,LC,N,N,N,105237,N,Q01,N,20.0,23.0,N,N,N,N,25.0,10076.21,50.0,507765.5,50.40384615,0.277756581,64.70043,0.216381869,0.0,507765.5,52.0,2093,2621.0,135418.0,13.957638888888889
QB23600481,000534,011022,QB202000,202306,20230517072032776,N,N,J,QZA,LC,N,N,N,105209,N,Q01,N,10.0,11.0,N,N,N,N,25.0,10076.21,50.0,507765.5,55.54054054,0.090024331,64.70043,0.077279239,0.0,507765.5,37.0,2093,2055.0,135418.0,4.830555555555556
QB23600493,115740,188734,QB202500,202306,20230517083618479,N,A,Z,QZA,J0,N,N,N,784628,N,Q03,N,20.0,21.0,N,Y,N,N,3.123,5344.9,2613.045,13406518.2,93.66666667,0.992882562,59.58059211,1.560910973,1.0,13406518.2,24.0,608,2248.0,36225.0,23.978472222222223
QB23600496,A07156,008906,QB202000,202306,20230517084926486,Y,N,Z,QZA,MC,N,N,N,105237,N,Q01,N,20.0,23.0,N,N,N,N,38.416,5231.9,1654.334,8589184.94,68.43717277,0.175343304,75.38231353,0.159188534,7.0,8589184.94,382.0,2239,26143.0,168781.0,11.724305555555555
QB23600498,010080,008906,QB202000,202306,20230517093040767,N,N,J,QZA,MC,N,N,N,105237,N,Q01,N,20.0,23.0,N,N,N,N,35.0,13087.66,35.0,460836.6,55.01984127,0.163577353,75.38231353,0.119391401,0.0,460836.6,252.0,2239,13865.0,168781.0,8.512500000000001
QB23600500,042274,038489,QB202000,202306,20230517093325400,N,N,C,QZA,LC,N,N,N,105289,N,Q01,N,20.0,21.0,N,Y,N,N,25.0,8070.46,40.0,317846.4,76.71683673,1.277424933,64.70043,1.514673086,0.0,317846.4,784.0,2093,60146.0,135418.0,28.95138888888889
QB23600501,042274,038489,QB202000,202306,20230517093643378,N,N,C,QZA,MC,N,N,N,105289,N,Q01,N,20.0,22.0,N,Y,N,N,20.0,9359.79,20.0,188777.8,76.71683673,1.277424933,75.38231353,1.300039696,0.0,188777.8,784.0,2239,60146.0,168781.0,28.95138888888889
QB23600502,042274,038489,QB202000,202306,20230517093849607,N,N,C,QZA,MC,N,N,N,105289,N,Q01,N,20.0,22.0,N,Y,N,N,30.0,10075.08,260.0,2275729.6,76.71683673,1.277424933,75.38231353,1.300039696,0.0,2275729.6,784.0,2239,60146.0,168781.0,28.95138888888889
QB23600503,052370,088318,QB202000,202306,20230517094104189,N,N,C,QZA,LC,N,N,N,105209,N,Q01,N,20.0,22.0,N,Y,N,Y,48.0,7724.68,48.0,374581.44,61.71980676,0.226831559,64.70043,0.216381869,0.0,374581.44,621.0,2093,38328.0,135418.0,13.822222222222223
QB23600511,115740,188734,QB202500,202306,20230517101814564,N,A,Z,QZA,J0,N,N,N,784628,N,Q03,N,20.0,21.0,N,Y,N,N,1.508,6644.4,264.616,1330795.21,93.66666667,0.950177936,59.58059211,1.493775017,1.0,1330795.21,24.0,608,2248.0,36225.0,19.65138888888889
QB23600514,A07156,008906,QB202000,202306,20230517104631620,Y,N,Z,QZA,LC,N,N,N,105237,N,Q01,N,20.0,23.0,N,N,N,N,18.0,8526.98,18.0,157553.64,68.43717277,0.204567188,64.70043,0.216381869,0.0,157553.64,382.0,2093,26143.0,135418.0,13.718055555555557
QB23600515,008906,008906,QB202000,202306,20230517105131524,N,N,J,QZA,LC,N,N,N,105237,N,Q01,N,20.0,23.0,N,N,N,N,18.0,9606.13,91.0,878101.53,84.61266874,0.992759137,64.70043,1.298291217,0.0,878101.53,963.0,2093,81482.0,135418.0,14.618055555555555
QB23600516,008906,008906,QB202000,202306,20230517105138446,N,N,J,QZA,LC,N,N,N,105237,N,Q01,N,20.0,23.0,N,N,N,Y,18.0,9572.23,336.0,3074646.38,84.61266874,0.992759137,64.70043,1.298291217,0.0,3074646.38,963.0,2093,81482.0,135418.0,14.618055555555555
QB23600517,010080,011022,QB202000,202306,20230517105152835,Y,N,J,QZA,MC,N,N,N,105209,N,Q01,N,20.0,23.0,N,N,N,N,17.0,10693.19,17.0,183128.93,55.01984127,1.672124053,75.38231353,1.220445429,0.0,183128.93,252.0,2239,13865.0,168781.0,22.929166666666664
QB23600518,008906,008071,QB202000,202306,20230517105157574,N,N,J,QZA,MC,N,N,N,105237,N,Q01,N,20.0,23.0,N,N,N,N,23.0,9731.56,23.0,225645.18,84.61266874,0.992759137,75.38231353,1.11431974,0.0,225645.18,963.0,2239,81482.0,168781.0,14.618055555555555
QB23600519,008906,008071,QB202000,202306,20230517105205558,N,N,J,QZA,MC,N,N,N,105237,N,Q01,N,20.0,23.0,N,N,N,N,5.0,11618.66,15.0,164335.9,84.61266874,0.992759137,75.38231353,1.11431974,0.0,164335.9,963.0,2239,81482.0,168781.0,14.618055555555555
QB23600520,A07156,008906,QB202000,202306,20230517105215943,Y,N,J,QZA,MC,Y,N,N,105237,N,Q01,N,20.0,23.0,N,N,N,N,75.0,13087.66,75.0,998524.5,68.43717277,0.204567188,75.38231353,0.185719957,0.0,998524.5,382.0,2239,26143.0,168781.0,13.718055555555557
QB23600521,A07156,008906,QB202000,202306,20230517105251043,Y,N,Z,QZA,MC,N,N,N,105237,N,Q01,N,20.0,23.0,N,N,N,N,22.0,9516.86,22.0,214342.92,68.43717277,0.204567188,75.38231353,0.185719957,0.0,214342.92,382.0,2239,26143.0,168781.0,13.718055555555557
QB23600522,008981,008981,QB202100,202306,20230517105406515,Y,A,Z,QZA,M0,Y,N,N,E80347,N,N,N,20.0,23.0,N,Y,N,N,25.0,5254.5,50.0,263855.0,30.43478261,0.164285714,44.94050343,0.111258211,0.0,263855.0,115.0,437,3500.0,19639.0,5.543055555555555
QB23600524,A07156,008906,QB202000,202306,20230517110350952,Y,N,Z,QZA,MC,Y,N,N,105237,N,Q01,N,20.0,23.0,N,N,N,N,27.0,11200.56,81.0,859497.21,68.43717277,0.204567188,75.38231353,0.185719957,0.0,859497.21,382.0,2239,26143.0,168781.0,13.718055555555557
QB23600525,042274,038489,QB202000,202306,20230517111709804,N,N,Z,QZA,LC,N,N,N,105289,N,Q01,N,20.0,23.0,N,N,N,N,42.0,8543.93,42.0,362167.26,76.71683673,1.277424933,64.70043,1.514673086,0.0,362167.26,784.0,2093,60146.0,135418.0,28.95138888888889
QB23600529,042274,197844,QB202000,202306,20230517113144427,N,N,J,QZA,MC,N,N,N,105289,N,Q01,N,20.0,23.0,N,N,N,N,18.0,9096.5,62.0,568887.2,76.71683673,1.277424933,75.38231353,1.300039696,0.0,568887.2,784.0,2239,60146.0,168781.0,28.94861111111111
QB23600532,A02146,088318,QB202000,202306,20230517124133837,N,N,J,QZA,LC,N,N,N,105209,N,Q01,N,10.0,11.0,N,N,N,N,25.0,9195.94,50.0,463752.0,53.02941176,1.734886301,64.70043,1.421937999,0.0,463752.0,68.0,2093,3606.0,135418.0,22.88611111111111
QB23600533,042274,197844,QB202000,202306,20230517124500993,N,N,C,QZA,MC,N,N,N,105289,N,Q01,N,20.0,22.0,N,Y,N,Y,55.0,8664.84,1945.0,18429040.05,76.71683673,1.199215243,75.38231353,1.220445429,0.0,18429040.05,784.0,2239,60146.0,168781.0,22.805555555555557
QB23600534,010080,010127,QB202000,202306,20230517124847277,N,N,J,QZA,LC,N,N,N,105209,N,Q01,N,20.0,23.0,N,N,N,N,18.0,8364.26,18.0,151980.48,55.01984127,1.672124053,64.70043,1.421937999,0.0,151980.48,252.0,2093,13865.0,135418.0,22.928472222222222
QB23600535,010080,010127,QB202000,202306,20230517124913138,N,N,Z,QZA,LC,N,N,N,105209,N,Q01,N,20.0,22.0,N,N,N,N,20.0,8528.11,58.0,505659.18,55.01984127,1.672124053,64.70043,1.421937999,0.0,505659.18,252.0,2093,13865.0,135418.0,22.928472222222222
QB23600536,042274,197844,QB202000,202306,20230517125308029,N,N,C,QZA,MC,N,N,N,105289,N,Q01,N,20.0,22.0,N,Y,N,N,35.0,8890.84,1415.0,13854670.1,76.71683673,1.277424933,75.38231353,1.300039696,0.0,13854670.1,784.0,2239,60146.0,168781.0,28.949305555555554
QB23600537,A07156,008906,QB202000,202306,20230517125817867,Y,N,B,QZA,X0,N,N,N,105237,N,Q01,N,20.0,23.0,N,N,N,N,18.0,8172.16,347.0,2935281.22,68.43717277,0.160731362,66.61853448,0.165119213,0.0,2935281.22,382.0,1856,26143.0,123644.0,11.1625
QB23600538,052370,050348,QB202000,202306,20230517125834450,Y,N,Z,QZA,LC,N,N,N,105209,N,Q01,N,20.0,23.0,N,N,N,Y,25.0,8601.56,25.0,217016.5,61.71980676,0.145820288,64.70043,0.13910263,0.0,217016.5,621.0,2093,38328.0,135418.0,8.938194444444445
QB23600539,052362,191255,QB202100,202306,20230517130238542,Y,N,Z,QZA,M0,Y,N,N,784588,N,N,N,20.0,23.0,N,N,N,N,100.0,5612.71,1250.0,6671520.0,22.8125,0.175342466,44.94050343,0.089006569,0.0,6671520.0,16.0,437,365.0,19639.0,3.6381944444444443
QB23600540,A07156,008906,QB202000,202306,20230517130524548,N,N,M,QZA,X0,N,N,N,105237,N,Q01,N,20.0,23.0,N,N,N,N,100.0,7900.96,100.0,812696.0,68.43717277,0.160731362,66.61853448,0.165119213,0.0,812696.0,382.0,1856,26143.0,123644.0,11.565972222222221
QB23600542,A07156,008906,QB202000,202306,20230517131646338,N,N,M,QZA,X0,N,N,N,105237,N,Q01,N,20.0,23.0,N,N,N,N,80.0,7900.96,80.0,650156.8,68.43717277,0.160731362,66.61853448,0.165119213,0.0,650156.8,382.0,1856,26143.0,123644.0,11.161805555555555
QB23600547,042274,038489,QB202000,202306,20230517134718638,N,N,C,QZA,MC,N,N,N,105289,N,Q01,N,20.0,22.0,N,Y,N,N,20.0,8470.48,175.0,1604204.5,76.71683673,1.277424933,75.38231353,1.300039696,0.0,1604204.5,784.0,2239,60146.0,168781.0,28.95138888888889
QB23600548,042274,038489,QB202000,202306,20230517135254606,N,N,Z,QZA,MC,N,N,N,105289,N,Q01,N,20.0,23.0,N,N,N,N,18.0,10867.21,94.0,1035055.14,76.71683673,1.277424933,75.38231353,1.300039696,0.0,1035055.14,784.0,2239,60146.0,168781.0,28.95
QB23600550,042274,038489,QB202000,202306,20230517135825210,N,N,Z,QZA,LC,N,N,N,105289,N,Q01,N,20.0,23.0,N,N,N,N,22.0,8532.63,22.0,189458.06,76.71683673,1.277424933,64.70043,1.514673086,0.0,189458.06,784.0,2093,60146.0,135418.0,28.95138888888889
QB23600553,A07156,008906,QB202000,202306,20230517140157677,N,N,M,QZA,X0,N,N,N,105237,N,Q01,N,20.0,23.0,N,N,N,N,80.0,8336.01,102.0,873325.02,68.43717277,0.160731362,66.61853448,0.165119213,0.0,873325.02,382.0,1856,26143.0,123644.0,11.161805555555555
QB23600555,042274,038489,QB202000,202306,20230517140815579,N,N,J,QZA,LC,N,N,N,105289,N,Q01,N,20.0,23.0,N,N,N,N,20.0,10284.13,20.0,207264.6,76.71683673,1.277424933,64.70043,1.514673086,0.0,207264.6,784.0,2093,60146.0,135418.0,28.95138888888889
QB23600556,A07156,008906,QB202000,202306,20230517141046435,N,N,Z,QZA,X0,N,N,N,105237,N,Q01,N,20.0,23.0,N,N,N,N,10.0,8265.95,42.0,362824.92,68.43717277,0.160731362,66.61853448,0.165119213,0.0,362824.92,382.0,1856,26143.0,123644.0,11.161805555555555
QB23600558,042274,038489,QB202000,202306,20230517141400254,N,N,J,QZA,LC,N,N,N,105289,N,Q01,N,20.0,23.0,N,N,N,N,22.0,8911.18,22.0,197786.16,76.71683673,1.277424933,64.70043,1.514673086,0.0,197786.16,784.0,2093,60146.0,135418.0,28.95138888888889
QB23600559,042274,038489,QB202000,202306,20230517141404184,N,N,J,QZA,LC,N,N,N,105289,N,Q01,N,20.0,23.0,N,N,N,N,22.0,8803.83,22.0,195424.46,76.71683673,1.277424933,64.70043,1.514673086,0.0,195424.46,784.0,2093,60146.0,135418.0,28.95138888888889
QB23600561,052370,008906,QB202000,202306,20230517142914100,N,N,J,QZA,MC,N,N,N,105237,N,Q01,N,20.0,23.0,N,N,N,Y,25.0,10336.11,25.0,264052.75,61.71980676,0.145820288,75.38231353,0.119391401,0.0,264052.75,621.0,2239,38328.0,168781.0,8.698611111111111
QB23600562,053432,289933,QB202100,202306,20230517142920696,Y,N,Z,QZA,X0,Y,N,N,784589,N,Q03,N,20.0,23.0,N,Y,N,N,100.0,4040.4054,249.0,1018208.44,44.17518248,0.294282882,66.61853448,0.195140888,0.0,1018208.44,137.0,1856,6052.0,123644.0,13.296527777777778
QB23600563,052370,008906,QB202000,202306,20230517142937379,N,N,J,QZA,MC,N,N,N,105237,N,Q01,N,20.0,23.0,N,N,N,Y,30.0,13223.26,110.0,1469474.6,61.71980676,0.145820288,75.38231353,0.119391401,0.0,1469474.6,621.0,2239,38328.0,168781.0,8.698611111111111
QB23600564,010080,008906,QB202000,202306,20230517143006882,N,N,J,QZA,MC,N,N,N,105237,N,Q01,N,20.0,23.0,N,N,N,N,15.0,9980.16,85.0,953912.1,55.01984127,0.163577353,75.38231353,0.119391401,0.0,953912.1,252.0,2239,13865.0,168781.0,8.511805555555556
QB23600565,039574,008906,QB202000,202306,20230517143012974,N,N,J,QZA,MC,Y,N,N,105237,N,Q01,N,20.0,23.0,N,N,N,N,23.0,12098.91,47.0,595203.77,50.40384615,0.277756581,75.38231353,0.185719957,0.0,595203.77,52.0,2239,2621.0,168781.0,13.713888888888889
QB23600566,039574,008906,QB202000,202306,20230517143113462,N,N,J,QZA,MC,Y,N,N,105237,N,Q01,N,20.0,23.0,N,N,N,N,23.0,13370.16,99.0,1351641.59,50.40384615,0.277756581,75.38231353,0.185719957,0.0,1351641.59,52.0,2239,2621.0,168781.0,13.713194444444445
QB23600567,010080,008906,QB202000,202306,20230517143119405,N,N,J,QZA,MC,N,N,N,105237,N,Q01,N,20.0,23.0,N,Y,N,N,20.0,11867.26,20.0,238927.2,55.01984127,0.036350523,75.38231353,0.026531422,0.0,238927.2,252.0,2239,13865.0,168781.0,1.8388888888888888
QB23600568,052370,008906,QB202000,202306,20230517143122543,N,N,J,QZA,MC,N,N,N,105237,N,Q01,N,20.0,23.0,N,N,N,Y,100.0,12884.26,100.0,1311026.0,61.71980676,0.145820288,75.38231353,0.119391401,0.0,1311026.0,621.0,2239,38328.0,168781.0,8.699305555555556
QB23600570,117638,048663,QB202100,202306,20230517143408581,Y,A,Z,QZA,M0,Y,N,N,784588,N,Q03,N,20.0,23.0,N,N,N,N,25.0,5028.5,1525.0,7596990.0,23.62037037,0.508036064,44.94050343,0.267019706,0.0,7596990.0,108.0,437,2551.0,19639.0,11.990972222222224
QB23600573,A07156,008906,QB202000,202306,20230517144458014,Y,N,Z,QZA,MC,N,N,N,105237,N,Q01,N,20.0,23.0,N,N,N,N,30.0,10200.51,30.0,312795.3,68.43717277,0.204567188,75.38231353,0.185719957,0.0,312795.3,382.0,2239,26143.0,168781.0,13.718055555555557
QB23600576,006962,000348,QB202300,202306,20230517145948469,Y,N,M,QZA,ML,Y,N,N,784667,N,N,N,20.0,23.0,N,N,N,N,60.0,7700.95,60.0,466803.0,46.18181818,0.281496063,101.2702703,0.128369362,0.0,466803.0,11.0,185,508.0,18735.0,12.480555555555556
QB23600578,117638,456824,QB202100,202306,20230517150447347,Y,A,Z,QZA,M0,Y,N,N,784588,N,Q03,N,20.0,23.0,N,N,N,N,100.0,4899.68,100.0,497878.0,23.62037037,0.508036064,44.94050343,0.267019706,0.0,497878.0,108.0,437,2551.0,19639.0,11.990972222222224
QB23600579,053432,289933,QB202100,202306,20230517150705713,Y,N,Z,QZA,X0,Y,N,N,784589,N,Q03,N,20.0,23.0,N,Y,N,N,25.0,4164.7054,300.0,1256191.62,44.17518248,0.294282882,66.61853448,0.195140888,0.0,1256191.62,137.0,1856,6052.0,123644.0,13.301388888888889
QB23600582,A07156,008906,QB202000,202306,20230517151807926,N,N,J,QZA,MC,N,N,N,105237,N,Q01,N,20.0,23.0,N,N,N,N,22.0,8816.26,256.0,2845647.36,68.43717277,0.204567188,75.38231353,0.185719957,0.0,2845647.36,382.0,2239,26143.0,168781.0,13.720833333333333
QB23600583,081652,088442,QB202000,202306,20230517151834126,N,N,J,QZA,LC,N,N,N,105209,N,Q03,N,20.0,22.0,N,N,N,N,23.0,9780.15,23.0,226762.75,2.6,0.384615385,64.70043,0.015455848,0.0,226762.75,5.0,2093,13.0,135418.0,0.5326388888888889
QB23600584,125550,A17254,QB202000,202306,20230517152204938,N,N,Z,QZA,LC,N,N,N,784034,N,Q03,N,20.0,23.0,N,N,N,N,235.0,6855.71,287.0,1990290.47,67.58823529,0.029590949,64.70043,0.030911696,0.0,1990290.47,17.0,2093,1149.0,135418.0,1.6756944444444446
QB23600586,200191,200191,QB202100,202306,20230517152615835,Y,N,Z,QZA,M0,Y,N,N,784588,N,N,N,20.0,23.0,N,N,N,N,25.0,5416.09,200.0,1060618.0,31.28571429,0.383561644,44.94050343,0.267019706,0.0,1060618.0,7.0,437,219.0,19639.0,11.577083333333334
QB23600587,008981,008981,QB202300,202306,20230517153601761,Y,N,M,QZA,ML,Y,N,N,784033,N,N,N,20.0,23.0,N,N,N,N,25.0,6053.41,25.0,153312.75,30.43478261,0.394285714,101.2702703,0.118494796,0.0,153312.75,115.0,185,3500.0,18735.0,11.923611111111112
QB23600588,052370,011022,QB202000,202306,20230517153910803,N,N,J,QZA,LC,N,N,N,105209,N,Q01,N,20.0,23.0,N,N,N,Y,50.0,8793.66,50.0,443638.0,61.71980676,0.032404508,64.70043,0.030911696,0.0,443638.0,621.0,2093,38328.0,135418.0,2.0118055555555556
QB23600590,066220,066220,QB202000,202306,20230517154259746,Y,N,Z,QZA,X0,Y,N,N,784034,N,N,N,20.0,23.0,N,Y,N,N,120.0,5417.22,120.0,659558.4,50.21212121,1.971635486,66.61853448,1.486072919,0.0,659558.4,66.0,1856,3314.0,123644.0,29.446527777777778
QB23600593,160612,160612,QB202100,202306,20230517161709793,Y,N,Z,QZA,L0,Y,N,N,784580,N,N,N,20.0,23.0,N,N,N,N,48.0,5030.195,589.0,2847999.46,24.66666667,0.486486486,54.24759615,0.221207959,0.0,2847999.46,6.0,832,148.0,45134.0,11.620833333333332
QB23600603,032610,010019,QB202000,202306,20230517164633797,N,N,J,QZA,MC,N,N,N,784034,N,N,N,20.0,23.0,N,N,N,N,110.0,11716.97,110.0,1288866.7,46.5625,2.362416107,75.38231353,1.459228231,0.0,1288866.7,64.0,2239,2980.0,168781.0,40.609722222222224
QB23600608,010080,010127,QB202000,202306,20230517170900356,Y,N,Z,QZA,LC,N,N,N,105209,N,Q01,N,20.0,22.0,N,N,N,N,44.0,8754.11,369.0,3190422.79,55.01984127,1.672124053,64.70043,1.421937999,0.0,3190422.79,252.0,2093,13865.0,135418.0,22.68472222222222
QB23600609,316890,351105,QB202100,202306,20230517170929687,Y,N,Z,QZA,L0,Y,N,N,784580,N,N,F,20.0,23.0,N,N,N,N,260.0,4668.595,460.0,2165096.39,29.02173913,0.31011236,54.24759615,0.165905969,0.0,2165096.39,46.0,832,1335.0,45134.0,8.700000000000001
QB23600612,274415,A10793,QB202100,202306,20230517172617174,Y,N,Z,QZA,L0,Y,N,N,784580,N,N,N,20.0,23.0,N,N,N,N,100.0,4419.995,1500.0,6588182.5,48.25,2.259067358,54.24759615,2.009305623,0.0,6588182.5,16.0,832,772.0,45134.0,39.46805555555556
QB23600613,316890,351105,QB202100,202306,20230517174102028,Y,N,Z,QZA,L0,Y,N,N,784580,N,N,F,20.0,23.0,N,N,N,N,80.0,4668.595,505.0,2395836.17,29.02173913,0.31011236,54.24759615,0.165905969,0.0,2395836.17,46.0,832,1335.0,45134.0,8.699305555555556
QB23600614,B08264,B08264,QB202100,202306,20230517175122582,Y,N,Z,QZA,L0,Y,N,N,784580,N,N,F,20.0,23.0,N,N,N,N,25.0,4668.595,395.0,1786295.53,39.78443114,2.262191451,54.24759615,1.659059689,0.0,1786295.53,167.0,832,6644.0,45134.0,20.71527777777778
QB23600615,316890,351105,QB202100,202306,20230517180125846,Y,N,Z,QZA,L0,Y,N,N,784580,N,N,F,20.0,23.0,N,N,N,N,630.0,4598.6028,630.0,2946952.76,29.02173913,0.31011236,54.24759615,0.165905969,0.0,2946952.76,46.0,832,1335.0,45134.0,8.700000000000001
QB23600617,B08264,406779,QB202100,202306,20230517181705584,Y,N,Z,QZA,L0,Y,N,N,784580,N,N,F,20.0,23.0,N,N,N,N,50.0,4477.625,152.0,692622.2,39.78443114,0.301625527,54.24759615,0.221207959,0.0,692622.2,167.0,832,6644.0,45134.0,11.733333333333334
QB23600623,B08264,048482,QB202100,202306,20230517191501945,Y,N,Z,QZA,L0,Y,N,N,784580,N,N,F,20.0,23.0,N,N,N,N,24.0,4934.145,356.0,1689411.02,39.78443114,2.488410596,54.24759615,1.824965658,0.0,1689411.02,167.0,832,6644.0,45134.0,29.65902777777778
QB23600625,032610,010019,QB202000,202306,20230517193325242,N,N,J,QZA,LC,Y,N,N,784034,N,N,N,20.0,23.0,N,N,N,N,35.0,9049.04,35.0,316716.4,46.5625,2.190604027,64.70043,1.576496478,0.0,316716.4,64.0,2093,2980.0,135418.0,32.48263888888889
QB23600626,B08264,406779,QB202100,202306,20230517195252261,Y,N,Z,QZA,L0,Y,N,N,784580,N,N,F,20.0,23.0,N,N,N,N,34.0,4484.405,125.0,570438.13,39.78443114,0.351896448,54.24759615,0.258075952,0.0,570438.13,167.0,832,6644.0,45134.0,13.755555555555555
QB23600630,032610,010019,QB202000,202306,20230517203633542,N,N,J,QZA,LC,N,N,N,784034,N,N,N,20.0,23.0,N,N,N,N,30.0,8060.29,30.0,241808.7,46.5625,2.190604027,64.70043,1.576496478,0.0,241808.7,64.0,2093,2980.0,135418.0,32.47777777777778
QB23600632,069781,066759,QB202100,202306,20230517214525070,Y,N,B,QZA,N0,Y,N,N,E80347,N,N,N,20.0,23.0,N,N,N,N,25.0,5847.75,100.0,602572.5,65,3.061538462,54.82336182,3.629839422,0.0,602572.5,9.0,351,585.0,19243.0,59.986111111111114
QB23600633,008981,008981,QB202100,202306,20230517215222429,Y,A,B,QZA,N0,Y,N,N,E80347,N,N,N,20.0,23.0,N,N,N,N,25.0,6303.14,175.0,1088642.0,30.43478261,0.032857143,54.82336182,0.018240399,0.0,1088642.0,115.0,351,3500.0,19243.0,1.1902777777777778
QB23600634,005833,405857,QB202100,202306,20230517215956780,Y,N,C,QZA,N0,Y,N,N,E80347,N,N,N,20.0,23.0,N,Y,N,N,20.0,5569.77,245.0,1345835.65,59.24242424,4.793861893,54.82336182,5.180273346,0.0,1345835.65,33.0,351,1955.0,19243.0,75.93472222222222
QB23600636,110646,009392,QB202100,202306,20230517221233854,Y,N,B,QZA,N0,N,N,N,E80347,N,N,N,20.0,23.0,N,Y,N,N,22.0,7332.57,22.0,163056.74,48.25,1.844559585,54.82336182,1.62339552,0.0,163056.74,40.0,351,1930.0,19243.0,19.836805555555554
QB23600638,046768,000327,QB202100,202306,20230517222751564,Y,N,B,QZA,N0,N,N,N,E80347,N,N,N,20.0,23.0,N,N,N,N,29.0,9634.38,53.0,539222.44,98.66666667,0.952702703,54.82336182,1.714597516,0.0,539222.44,9.0,351,888.0,19243.0,25.02638888888889
QB23600647,040130,040130,QB202100,202306,20230518083313807,Y,N,Z,QZA,M0,Y,N,N,E80347,N,N,N,20.0,23.0,N,Y,N,N,25.0,5552.82,680.0,3589750.1,44.63636364,0.291242363,44.94050343,0.289271348,0.0,3589750.1,55.0,437,2455.0,19639.0,13.036111111111111
QB23600648,008363,008363,QB202300,202306,20230518090627892,Y,N,B,QZA,O0,Y,N,N,YX4316,N,N,N,20.0,23.0,N,N,N,N,4.0,8902.14,8.0,71217.12,36.57920792,2.40573826,67.4570185,1.304534383,0.0,71217.12,202.0,919,7389.0,61993.0,18.797916666666666
QB23600653,A07156,008906,QB202000,202306,20230518094225868,N,N,J,QZA,LC,N,N,N,105237,N,Q01,N,20.0,23.0,N,N,N,N,5.0,8769.93,5.0,44979.65,68.43717277,0.131507478,64.70043,0.13910263,0.0,44979.65,382.0,2093,26143.0,135418.0,8.871527777777777
QB23600654,A07156,008906,QB202000,202306,20230518094856213,N,N,J,QZA,MC,N,N,N,105237,N,Q01,N,20.0,23.0,N,N,N,N,8.0,9437.76,8.0,77310.08,68.43717277,0.131507478,75.38231353,0.119391401,0.0,77310.08,382.0,2239,26143.0,168781.0,8.871527777777777
QB23600658,A07156,008906,QB202000,202306,20230518100222933,N,N,J,QZA,LC,N,N,N,105237,N,Q01,N,20.0,23.0,N,N,N,N,5.0,10205.03,5.0,52155.15,68.43717277,0.160731362,64.70043,0.170014326,0.0,52155.15,382.0,2093,26143.0,135418.0,11.161805555555555
QB23600660,A07156,008906,QB202000,202306,20230518101605411,N,N,J,QZA,MC,N,N,N,105237,N,Q01,N,20.0,23.0,N,N,N,N,55.0,12093.26,55.0,677559.3,68.43717277,0.160731362,75.38231353,0.145922823,0.0,677559.3,382.0,2239,26143.0,168781.0,11.1625
QB23600664,A17130,A17130,QB202000,202306,20230518102856142,N,A,J,QZA,LC,N,N,N,783412,N,Q01,N,20.0,23.0,N,N,N,N,90.0,6549.48,190.0,1259430.2,54.93406593,0.236647329,64.70043,0.200926022,0.0,1259430.2,91.0,2093,4999.0,135418.0,12.801388888888889
QB23600669,A07156,008906,QB202000,202306,20230518112159308,N,N,J,QZA,LC,N,N,N,105237,N,Q01,N,20.0,23.0,N,N,N,N,22.0,9606.13,157.0,1355849.71,68.43717277,0.160731362,64.70043,0.170014326,0.0,1355849.71,382.0,2093,26143.0,135418.0,11.1625
QB23600679,119650,008408,QB202100,202306,20230518131135881,Y,N,Z,QZA,X0,Y,N,N,784589,N,N,N,20.0,23.0,N,Y,N,N,150.0,4331.5951,1050.0,4505799.86,43.78723404,1.89552964,66.61853448,1.245899518,0.0,4505799.86,47.0,1856,2058.0,123644.0,13.415277777777776
QB23600684,065357,065357,QB202500,202306,20230518132542350,N,N,Z,QZA,J0,N,N,N,E73005,N,Q01,N,20.0,23.0,N,Y,N,N,9.692,4977.65,229.477,1146460.41,14.77777778,5.819548872,59.58059211,1.44342305,2.0,1146460.41,9.0,608,133.0,36225.0,16.710416666666667
QB23600686,065357,065357,QB202500,202306,20230518132824133,N,N,Z,QZA,J0,N,N,N,E73005,N,Q01,N,20.0,23.0,N,Y,N,N,39.928,5147.15,1119.844,5575270.41,14.77777778,5.819548872,59.58059211,1.44342305,2.0,5575270.41,9.0,608,133.0,36225.0,16.73263888888889
QB23600688,A07156,008906,QB202000,202306,20230518134656710,Y,N,Z,QZA,X0,N,N,N,105237,N,Q01,N,20.0,23.0,N,N,N,N,18.0,5514.4,62.0,355904.8,68.43717277,0.160731362,66.61853448,0.165119213,0.0,355904.8,382.0,1856,26143.0,123644.0,11.564583333333333
QB23600689,052370,011022,QB202000,202306,20230518140200474,Y,N,Z,QZA,MC,N,N,N,105209,N,Q01,N,20.0,23.0,N,N,N,Y,50.0,9719.13,50.0,489911.5,61.71980676,0.129618034,75.38231353,0.10612569,0.0,489911.5,621.0,2239,38328.0,168781.0,7.886111111111112
QB23600691,468015,170456,QB202100,202306,20230518141142962,Y,N,Z,QZA,L0,Y,N,N,784580,N,N,N,20.0,23.0,N,N,N,N,50.0,4645.995,1000.0,4489348.75,14.42222222,0.069337442,54.24759615,0.018433997,0.0,4489348.75,45.0,832,649.0,45134.0,0.7999999999999999
QB23600696,A07156,008906,QB202000,202306,20230518143845764,Y,N,Z,QZA,X0,N,N,N,105237,N,Q01,N,20.0,23.0,N,N,N,N,30.0,7409.41,30.0,229062.3,68.43717277,0.160731362,66.61853448,0.165119213,0.0,229062.3,382.0,1856,26143.0,123644.0,11.565277777777778
QB23600698,065357,065357,QB202500,202306,20230518145951991,N,A,B,QZA,J0,N,N,N,E73005,N,Q01,N,20.0,23.0,N,Y,N,N,200.88,5184.44,631.57,3277027.01,14.77777778,5.819548872,59.58059211,1.44342305,10.0,3277027.01,9.0,608,133.0,36225.0,16.752083333333335
QB23600699,065357,065357,QB202500,202306,20230518150046228,N,A,B,QZA,J0,N,N,N,E73005,N,Q01,N,20.0,23.0,N,Y,N,N,80.352,5184.44,195.156,1011774.57,14.77777778,5.819548872,59.58059211,1.44342305,4.0,1011774.57,9.0,608,133.0,36225.0,16.743750000000002
QB23600700,A07156,008906,QB202000,202306,20230518150526581,Y,N,B,QZA,X0,N,N,N,105237,N,Q01,N,20.0,23.0,N,N,N,N,20.0,9008.36,142.0,1170842.72,68.43717277,0.160731362,66.61853448,0.165119213,0.0,1170842.72,382.0,1856,26143.0,123644.0,11.564583333333333
QB23600702,A07156,008906,QB202000,202306,20230518150705944,Y,N,M,QZA,X0,Y,N,N,105237,N,Q01,N,20.0,23.0,N,N,N,N,18.0,7900.96,18.0,146285.28,68.43717277,0.160731362,66.61853448,0.165119213,0.0,146285.28,382.0,1856,26143.0,123644.0,11.565277777777778
QB23600705,249062,249062,QB202400,202306,20230518151238839,N,A,B,QZA,D0,N,N,N,782822,N,N,N,20.0,21.0,N,Y,N,N,56.0,8034.3,60.0,486804.0,7.5,0.933333333,35.77678571,0.195657599,0.0,486804.0,2.0,112,15.0,4007.0,7.086111111111111
QB23600706,A07156,008906,QB202000,202306,20230518151822830,Y,N,Z,QZA,X0,N,N,N,105237,N,Q01,N,20.0,23.0,N,N,N,N,35.0,7352.91,35.0,265261.85,68.43717277,0.160731362,66.61853448,0.165119213,0.0,265261.85,382.0,1856,26143.0,123644.0,11.565277777777778
QB23600709,A07156,008906,QB202000,202306,20230518152936365,Y,N,B,QZA,X0,Y,N,N,105237,N,Q01,N,20.0,23.0,N,N,N,N,18.0,8138.26,36.0,338132.16,68.43717277,0.160731362,66.61853448,0.165119213,0.0,338132.16,382.0,1856,26143.0,123644.0,11.565277777777778
QB23600710,002222,002222,QB202000,202306,20230518153530513,N,N,C,QZD,LC,Y,N,N,105289,N,Q03,N,20.0,22.0,N,N,N,N,20.0,4755.605,20.0,96694.1,70.23076923,0,64.70043,0,0.0,96694.1,39.0,2093,2739.0,135418.0,0.06319444444444444
QB23600711,042274,038489,QB202000,202306,20230518153730629,N,N,Z,QZA,MC,N,N,N,105289,N,Q01,N,20.0,23.0,N,N,N,N,300.0,9160.91,435.0,3988894.35,76.71683673,1.264389984,75.38231353,1.286773985,0.0,3988894.35,784.0,2239,60146.0,168781.0,27.89513888888889
QB23600714,A07156,008906,QB202000,202306,20230518154024397,Y,N,Z,QZA,X0,N,N,N,105237,N,Q01,N,20.0,23.0,N,N,N,N,5.0,7850.11,27.0,167912.35,68.43717277,0.160731362,66.61853448,0.165119213,0.0,167912.35,382.0,1856,26143.0,123644.0,11.565972222222221
QB23600716,008363,008363,QB202300,202306,20230518155159495,Y,N,Z,QZA,O0,Y,N,N,YX4316,N,N,N,20.0,23.0,N,N,N,N,80.0,6674.91,80.0,540320.8,36.57920792,2.460414129,67.4570185,1.334182892,0.0,540320.8,202.0,919,7389.0,61993.0,20.894444444444442
QB23600719,468015,170456,QB202100,202306,20230518155745896,Y,N,Z,QZA,L0,Y,N,N,784580,N,N,N,20.0,23.0,N,N,N,N,300.0,4758.995,800.0,3777816.0,14.42222222,0.069337442,54.24759615,0.018433997,0.0,3777816.0,45.0,832,649.0,45134.0,0.7999999999999999
QB23600720,042274,038489,QB202000,202306,20230518160041663,N,N,Z,QZA,LC,N,N,N,105289,N,Q01,N,20.0,23.0,N,N,N,N,120.0,8128.09,120.0,984862.8,76.71683673,1.264389984,64.70043,1.499217238,0.0,984862.8,784.0,2093,60146.0,135418.0,27.89513888888889
QB23600721,468015,170456,QB202100,202306,20230518160053342,Y,N,Z,QZA,L0,Y,N,N,784580,N,N,N,20.0,23.0,N,N,N,N,25.0,4917.195,731.0,3424579.7,14.42222222,0.069337442,54.24759615,0.018433997,0.0,3424579.7,45.0,832,649.0,45134.0,0.7999999999999999
QB23600722,468015,170456,QB202100,202306,20230518161043871,Y,N,Z,QZA,L0,Y,N,N,784580,N,N,N,20.0,23.0,N,N,N,N,25.0,4894.595,25.0,124342.38,14.42222222,0.069337442,54.24759615,0.018433997,0.0,124342.38,45.0,832,649.0,45134.0,0.7999999999999999
QB23600723,A07156,008906,QB202000,202306,20230518161053408,Y,N,Z,QZA,LC,N,N,N,105237,N,Q01,N,20.0,23.0,N,N,N,N,22.0,7939.38,22.0,179638.36,68.43717277,0.160731362,64.70043,0.170014326,0.0,179638.36,382.0,2093,26143.0,135418.0,11.565277777777778
QB23600724,050819,005138,QB202300,202306,20230518161113227,Y,N,B,QZA,O0,Y,N,N,YX4316,N,Q01,N,10.0,11.0,N,N,N,N,83.0,7025.21,83.0,589657.73,90.3046595,1.074141695,67.4570185,1.437952672,0.0,589657.73,279.0,919,25195.0,61993.0,27.751388888888886
QB23600727,042274,038489,QB202000,202306,20230518162536464,N,N,C,QZA,LC,N,N,N,105289,N,Q01,N,20.0,22.0,N,Y,N,N,45.0,8645.63,45.0,392612.85,76.71683673,1.264389984,64.70043,1.499217238,0.0,392612.85,784.0,2093,60146.0,135418.0,27.89513888888889
QB23600728,042274,038489,QB202000,202306,20230518162640341,N,N,C,QZA,LC,N,N,N,105289,N,Q01,N,20.0,22.0,N,Y,N,N,740.0,8469.35,740.0,6325853.0,76.71683673,1.264389984,64.70043,1.499217238,0.0,6325853.0,784.0,2093,60146.0,135418.0,27.89513888888889
QB23600729,042274,038489,QB202000,202306,20230518162804191,N,N,Z,QZA,MC,N,N,N,105289,N,Q01,N,20.0,23.0,N,N,N,N,99.0,9333.8,299.0,2820089.02,76.71683673,1.264389984,75.38231353,1.286773985,0.0,2820089.02,784.0,2239,60146.0,168781.0,27.89513888888889
QB23600730,007098,007098,QB202000,202306,20230518163112457,Y,N,Z,QZD,LC,Y,N,N,783412,N,Q03,N,20.0,23.0,N,Y,N,N,50.0,4419.995,92.0,412492.94,95.79104478,2.025241508,64.70043,2.998434477,0.0,412492.94,67.0,2093,6418.0,135418.0,55.475
QB23600731,A07156,008906,QB202000,202306,20230518163340531,Y,N,J,QZA,LC,N,N,N,105237,N,Q01,N,20.0,23.0,N,N,N,N,5.0,9137.18,15.0,133554.7,68.43717277,0.160731362,64.70043,0.170014326,0.0,133554.7,382.0,2093,26143.0,135418.0,11.565972222222221
QB23600732,A07156,008906,QB202000,202306,20230518163345479,N,N,J,QZA,LC,N,N,N,105237,N,Q01,N,20.0,23.0,N,N,N,N,30.0,8035.43,30.0,247842.9,68.43717277,0.131507478,64.70043,0.13910263,0.0,247842.9,382.0,2093,26143.0,135418.0,8.871527777777777
QB23600735,A07156,008906,QB202000,202306,20230518163422598,Y,N,J,QZA,MC,N,N,N,105237,N,Q01,N,20.0,23.0,N,N,N,N,22.0,9369.96,22.0,211111.12,68.43717277,0.160731362,75.38231353,0.145922823,0.0,211111.12,382.0,2239,26143.0,168781.0,11.566666666666668
QB23600736,042274,038489,QB202000,202306,20230518163426722,N,N,J,QZA,MC,N,N,N,105289,N,Q01,N,20.0,23.0,N,N,N,N,22.0,12392.71,68.0,836647.48,76.71683673,1.264389984,75.38231353,1.286773985,0.0,836647.48,784.0,2239,60146.0,168781.0,27.89513888888889
QB23600738,003447,003447,QB202000,202306,20230518163553619,Y,N,Z,QZA,X0,Y,N,N,783412,N,Q01,N,10.0,11.0,N,N,N,N,40.0,4435.25,40.0,180574.0,50.4,1.785714286,66.61853448,1.350975381,0.0,180574.0,70.0,1856,3528.0,123644.0,20.87013888888889
QB23600741,042709,042709,QB202300,202306,20230518164441746,Y,N,Z,QZA,S0,Y,N,N,784595,N,N,F,20.0,23.0,N,Y,N,N,200.0,4974.26,400.0,1996484.0,17.04761905,5.572625698,43.39791667,2.189045173,0.0,1996484.0,42.0,480,716.0,20831.0,25.531944444444445
QB23600742,007098,007098,QB202000,202306,20230518164640756,Y,N,Z,QZD,LC,Y,N,N,783412,N,Q03,N,20.0,23.0,N,Y,N,N,42.0,4645.995,486.0,2185362.37,95.79104478,2.025241508,64.70043,2.998434477,0.0,2185362.37,67.0,2093,6418.0,135418.0,55.475
QB23600745,917003,917003,QB202000,202306,20230518165404866,Y,N,Z,QZD,LC,Y,N,N,783412,N,Q03,N,20.0,23.0,N,Y,N,N,25.0,4419.995,475.0,2136222.63,127.8280255,0.852708157,64.70043,1.684687412,0.0,2136222.63,314.0,2093,40138.0,135418.0,39.9125
QB23600747,917003,917003,QB202000,202306,20230518170223292,Y,N,Z,QZD,LC,Y,N,N,783412,N,Q03,N,20.0,23.0,N,Y,N,N,25.0,4532.995,525.0,2356996.38,127.8280255,0.852708157,64.70043,1.684687412,0.0,2356996.38,314.0,2093,40138.0,135418.0,39.9125
QB23600749,050976,008906,QB202000,202306,20230518170809740,N,N,Z,QZA,MC,N,N,N,105237,N,N,N,20.0,23.0,N,N,N,N,20.0,8556.36,255.0,2468863.55,19.55681818,0.511330622,75.38231353,0.132657112,0.0,2468863.55,176.0,2239,3442.0,168781.0,10.075694444444444
QB23600750,239811,505415,QB202100,202306,20230518170848809,Y,N,Z,QZA,X0,Y,N,N,784589,N,N,N,20.0,23.0,N,N,N,N,300.0,3853.9554,1000.0,3919495.4,41.0625,0.097412481,66.61853448,0.06004335,0.0,3919495.4,32.0,1856,1314.0,123644.0,3.7527777777777778
QB23600751,A09635,A09635,QB202100,202306,20230518171441671,Y,N,Z,QZA,M0,Y,N,N,784588,N,N,N,20.0,23.0,N,N,N,N,25.0,5901.99,297.0,1606420.43,55.86206897,0.214814815,44.94050343,0.267019706,0.0,1606420.43,29.0,437,1620.0,19639.0,11.888194444444444
QB23600753,239811,504711,QB202100,202306,20230518172322102,Y,N,Z,QZA,X0,Y,N,N,784589,N,N,N,20.0,23.0,N,N,N,N,200.0,4023.4554,700.0,2820938.78,41.0625,0.097412481,66.61853448,0.06004335,0.0,2820938.78,32.0,1856,1314.0,123644.0,3.753472222222222
QB23600755,020664,152675,QB202100,202306,20230518174954992,Y,N,Z,QZA,L0,Y,N,N,784580,N,Q03,N,20.0,23.0,N,N,N,N,180.0,4804.195,390.0,1890247.05,21.76699029,4.731935772,54.24759615,1.898701644,0.0,1890247.05,103.0,832,2242.0,45134.0,33.70763888888889
QB23600756,B08264,406779,QB202100,202306,20230518180103608,Y,N,Z,QZA,L0,Y,N,N,784580,N,N,F,20.0,23.0,N,N,N,N,200.0,4499.095,300.0,1373458.5,39.78443114,0.326760987,54.24759615,0.239641955,0.0,1373458.5,167.0,832,6644.0,45134.0,12.752083333333333
QB23600757,B08264,406779,QB202100,202306,20230518180342564,Y,N,Z,QZA,L0,Y,N,N,784580,N,N,F,20.0,23.0,N,N,N,N,350.0,4461.805,500.0,2270452.5,39.78443114,2.563816978,54.24759615,1.880267647,0.0,2270452.5,167.0,832,6644.0,45134.0,32.62430555555556
QB23600758,B08264,406779,QB202100,202306,20230518180702116,Y,N,Z,QZA,L0,Y,N,N,784580,N,N,F,20.0,23.0,N,N,N,N,40.0,4461.805,345.0,1565459.63,39.78443114,0.326760987,54.24759615,0.239641955,0.0,1565459.63,167.0,832,6644.0,45134.0,12.752777777777778
QB23600759,068301,086141,QB202000,202306,20230518181205648,Y,N,C,QZA,LC,N,N,N,105209,N,N,N,20.0,21.0,N,Y,N,N,18.0,8255.78,18.0,150027.84,43.35051546,2.006896552,64.70043,1.34465876,0.0,150027.84,97.0,2093,4205.0,135418.0,17.86388888888889
QB23600761,A07156,008906,QB202000,202306,20230518184838476,N,N,Z,QZA,LC,N,N,N,105237,N,Q01,N,20.0,23.0,N,N,N,N,5.0,9696.53,5.0,49612.65,68.43717277,0.131507478,64.70043,0.13910263,0.0,49612.65,382.0,2093,26143.0,135418.0,8.871527777777777
QB23600764,009849,009849,QB202300,202306,20230518204309530,Y,N,M,QZA,ML,Y,Y,N,784033,N,N,N,20.0,23.0,N,N,N,N,54.0,6448.91,119.0,789319.69,55.6,0.125899281,101.2702703,0.069121964,0.0,789319.69,25.0,185,1390.0,18735.0,6.960416666666667
QB23600765,125866,213224,QB202100,202306,20230518214642727,Y,N,Z,QZA,M0,Y,N,N,784588,N,N,F,20.0,23.0,N,N,N,N,50.0,5277.1,800.0,4193995.0,84.46153846,0.142076503,44.94050343,0.267019706,0.0,4193995.0,13.0,437,1098.0,19639.0,11.959722222222224
QB23600772,A07156,008906,QB202000,202306,20230519084957465,N,N,Z,QZA,MC,N,N,N,105237,N,Q01,N,20.0,23.0,N,N,N,N,5.0,12776.91,5.0,65014.55,68.43717277,0.131507478,75.38231353,0.119391401,0.0,65014.55,382.0,2239,26143.0,168781.0,8.871527777777777
QB23600780,075969,075969,QB202300,202306,20230519092226418,Y,N,Z,QZA,O0,Y,N,N,784667,N,Q01,F,20.0,23.0,N,N,N,N,200.0,6539.31,300.0,2002473.0,92.6969697,1.197450147,67.4570185,1.645492233,0.0,2002473.0,66.0,919,6118.0,61993.0,42.09444444444444
QB23600783,075969,075969,QB202300,202306,20230519092255468,Y,N,Z,QZA,O0,Y,N,N,784033,N,Q01,F,20.0,23.0,N,N,N,N,300.0,6618.41,300.0,2009253.0,92.6969697,1.197450147,67.4570185,1.645492233,0.0,2009253.0,66.0,919,6118.0,61993.0,42.09444444444444
QB23600787,125550,125550,QB202000,202306,20230519093730564,N,N,Z,QZD,LC,Y,N,N,105289,N,Q03,N,20.0,23.0,N,N,N,N,80.0,4419.995,500.0,2236665.5,67.58823529,0,64.70043,0,0.0,2236665.5,17.0,2093,1149.0,135418.0,-0.125
QB23600788,125550,125550,QB202000,202306,20230519094228482,N,N,Z,QZD,MC,Y,N,N,105289,N,Q03,N,20.0,23.0,N,N,N,N,100.0,4905.33,100.0,498443.0,67.58823529,0,75.38231353,0,0.0,498443.0,17.0,2239,1149.0,168781.0,-0.125
QB23600792,068301,086141,QB202000,202306,20230519095529025,Y,A,C,QZA,LC,N,N,N,105209,N,N,N,20.0,21.0,N,Y,N,N,18.0,8208.32,18.0,149173.56,43.35051546,2.006896552,64.70043,1.34465876,0.0,149173.56,97.0,2093,4205.0,135418.0,17.86388888888889
QB23600796,008036,008036,QB202200,202306,20230519101405407,Y,A,Z,QPA,I0,N,N,N,784670,K,N,N,20.0,23.0,N,N,N,N,550.0,3886.0,1000.0,3971880.0,7.4,1.081081081,44.75777778,0.178739884,0.0,3971880.0,5.0,450,37.0,20141.0,8.002777777777778
QB23600800,917003,917003,QB202000,202306,20230519105701205,Y,N,Z,QZD,LC,Y,N,N,783412,N,Q03,N,20.0,23.0,N,N,N,N,25.0,4702.495,149.0,697451.26,127.8280255,0.751009019,64.70043,1.483761391,0.0,697451.26,314.0,2093,40138.0,135418.0,27.157638888888886
QB23600802,117638,456824,QB202100,202306,20230519111210641,Y,A,Z,QZA,M0,Y,N,N,784588,N,Q03,N,20.0,23.0,N,N,N,N,25.0,5555.08,650.0,3403729.5,23.62037037,0.508036064,44.94050343,0.267019706,0.0,3403729.5,108.0,437,2551.0,19639.0,11.99236111111111
QB23600808,A11819,040136,QB202100,202306,20230519121630718,Y,A,Z,QZA,X0,Y,N,N,784544,N,Q03,N,20.0,23.0,N,N,N,N,450.0,4186.4466,2000.0,8359333.2,71.38461538,0.084051724,66.61853448,0.090065025,0.0,8359333.2,26.0,1856,1856.0,123644.0,5.884722222222222
QB23600814,073403,003516,QB202300,202306,20230519130001539,Y,N,Z,QZA,S0,Y,N,N,784665,N,N,N,20.0,23.0,N,N,N,N,100.0,5468.07,100.0,554717.0,39,0.307692308,43.39791667,0.276510969,0.0,554717.0,12.0,480,468.0,20831.0,11.817361111111111
QB23600815,917003,917003,QB202000,202306,20230519130057271,Y,N,J,QZD,LC,Y,N,N,783412,N,Q03,N,20.0,23.0,N,N,N,N,50.0,4836.965,50.0,245803.25,127.8280255,0.852708157,64.70043,1.684687412,0.0,245803.25,314.0,2093,40138.0,135418.0,39.91319444444444
QB23600816,A07156,008906,QB202000,202306,20230519130101728,N,N,J,QZA,MC,N,N,N,105237,N,Q01,N,20.0,23.0,N,N,N,N,5.0,9968.86,70.0,759631.2,68.43717277,0.131507478,75.38231353,0.119391401,0.0,759631.2,382.0,2239,26143.0,168781.0,8.871527777777777
QB23600822,333135,333135,QB202300,202306,20230519133545443,Y,N,M,QZA,T0,Y,N,N,E85594,N,N,F,20.0,23.0,N,N,N,N,30.0,8827.56,75.0,658168.5,41.22580645,0.072769953,56.66350711,0.052944128,0.0,658168.5,31.0,422,1278.0,23912.0,3.1243055555555554
QB23600824,079217,079217,QB202100,202306,20230519133856319,Y,N,C,QZA,N0,Y,N,N,E80347,N,Q03,N,20.0,22.0,N,Y,N,N,300.0,5344.9,600.0,3254400.0,98.70422535,0.040525114,54.82336182,0.072961596,0.0,3254400.0,71.0,351,7008.0,19243.0,4.175694444444445
QB23600827,034535,034535,QB202000,202306,20230519135013617,Y,N,Z,QZD,LC,Y,N,N,YX5474,N,Q03,N,20.0,22.0,N,N,N,N,24.0,4674.81,24.0,114093.84,16.81818182,0,64.70043,0,0.0,114093.84,44.0,2093,740.0,135418.0,-0.08750000000000001
QB23600834,A17253,A17253,QB202100,202306,20230519144428450,Y,N,Z,QZA,M0,Y,N,N,784666,N,N,N,20.0,23.0,N,N,N,N,50.0,5175.4,1252.0,6680379.2,14.4,0.347222222,44.94050343,0.111258211,0.0,6680379.2,5.0,437,72.0,19639.0,4.795138888888888
QB23600839,092130,092130,QB202100,202306,20230519150722426,Y,N,Z,QZA,L0,Y,N,N,784580,N,Q01,N,20.0,23.0,N,Y,N,N,250.0,4749.955,430.0,2056153.65,48.76595745,2.173647469,54.24759615,1.954003634,0.0,2056153.65,47.0,832,2292.0,45134.0,37.02291666666667
QB23600840,002222,002222,QB202000,202306,20230519151019650,N,N,Z,QZD,LC,Y,N,N,105289,N,Q03,N,20.0,23.0,N,N,N,N,60.0,4702.495,3360.0,15103399.2,70.23076923,-0.014238773,64.70043,-0.015455848,0.0,15103399.2,39.0,2093,2739.0,135418.0,-0.15625
QB23600846,117638,456824,QB202100,202306,20230519153958576,Y,N,Z,QZA,M0,Y,N,N,784588,N,Q03,N,20.0,23.0,N,N,N,N,150.0,5192.35,350.0,1822407.5,23.62037037,0.508036064,44.94050343,0.267019706,0.0,1822407.5,108.0,437,2551.0,19639.0,11.909722222222221
QB23600847,917003,917003,QB202200,202306,20230519154020620,Y,A,Z,QPA,I0,N,N,N,784407,N,Q03,N,20.0,23.0,N,N,N,N,300.0,3916.95,3500.0,14049455.0,127.8280255,0,44.75777778,0,0.0,14049455.0,314.0,450,40138.0,20141.0,0.32708333333333334
QB23600848,002222,002222,QB202000,202306,20230519154456495,N,N,Z,QZD,LC,Y,N,N,105289,N,Q03,N,20.0,23.0,N,N,N,N,80.0,4476.495,940.0,4217284.3,70.23076923,0.04271632,64.70043,0.046367543,0.0,4217284.3,39.0,2093,2739.0,135418.0,3.5611111111111113
QB23600849,112567,250965,QB202100,202306,20230519154543342,Y,N,Z,QZA,L0,Y,N,N,784580,N,N,F,20.0,23.0,N,N,N,N,50.0,4419.995,532.0,2399722.24,42.38461538,6.79491833,54.24759615,5.308991005,0.0,2399722.24,13.0,832,551.0,45134.0,80.02430555555556
QB23600851,917003,917003,QB202200,202306,20230519154654454,Y,A,Z,QPA,I0,N,N,N,784407,N,Q03,N,20.0,23.0,N,N,N,N,800.0,4029.95,3200.0,13148960.0,127.8280255,0,44.75777778,0,0.0,13148960.0,314.0,450,40138.0,20141.0,0.33055555555555555
QB23600853,005833,405857,QB202100,202306,20230519155327808,Y,N,Z,QZA,M0,Y,N,N,784588,N,N,N,20.0,23.0,N,N,N,N,25.0,5461.29,300.0,1595729.5,59.24242424,0.101278772,44.94050343,0.133509853,0.0,1595729.5,33.0,437,1955.0,19639.0,5.581944444444445
QB23600854,052370,053419,QB202000,202306,20230519155509278,Y,N,Z,QZD,LC,Y,N,N,105209,N,Q01,N,20.0,23.0,N,N,N,Y,20.0,4470.8563,20.0,90999.13,61.71980676,1.604023168,64.70043,1.530128934,0.0,90999.13,621.0,2093,38328.0,135418.0,30.481944444444448
QB23600856,008981,008981,QB202100,202306,20230519155655056,Y,A,Z,QZA,M0,Y,N,N,E80347,N,N,N,20.0,23.0,N,N,N,N,40.0,5717.8,40.0,231876.0,30.43478261,0.394285714,44.94050343,0.267019706,0.0,231876.0,115.0,437,3500.0,19639.0,11.952083333333334
QB23600862,007098,007098,QB202000,202306,20230519160847515,Y,N,Z,QZD,LC,Y,N,N,783412,N,Q03,N,20.0,23.0,N,N,N,N,100.0,4386.095,300.0,1341818.5,95.79104478,1.983483951,64.70043,2.936611086,0.0,1341818.5,67.0,2093,6418.0,135418.0,51.893055555555556
QB23600863,149289,149289,QB202300,202306,20230519161111643,Y,A,Z,QZA,O0,Y,N,N,YX4316,N,N,N,20.0,21.0,N,N,N,N,80.0,8030.91,180.0,1408951.8,29.2,2.808219178,67.4570185,1.215588857,0.0,1408951.8,10.0,919,292.0,61993.0,12.611805555555556
QB23600864,316890,351105,QB202100,202306,20230519161346441,Y,N,Z,QZA,L0,Y,N,N,784580,N,N,N,20.0,23.0,N,N,N,N,120.0,4414.6953,500.0,2235258.65,29.02173913,0.379026217,54.24759615,0.202773962,0.0,2235258.65,46.0,832,1335.0,45134.0,10.877083333333333
QB23600865,117638,456824,QB202100,202306,20230519161505200,Y,A,Z,QZA,M0,Y,N,N,784588,N,Q03,N,20.0,23.0,N,N,N,N,25.0,4933.58,525.0,2784207.0,23.62037037,0.508036064,44.94050343,0.267019706,0.0,2784207.0,108.0,437,2551.0,19639.0,11.911111111111111
QB23600873,917003,090324,QB202000,202306,20230519163322148,Y,A,Z,QZA,X0,Y,N,N,783412,N,Q03,N,20.0,23.0,N,Y,N,N,48.0,4246.54,88.0,380656.32,127.8280255,0.751009019,66.61853448,1.441040406,0.0,380656.32,314.0,1856,40138.0,123644.0,27.47986111111111
QB23600886,214457,042709,QB202300,202306,20230519165855557,Y,N,Z,QZA,S0,Y,N,N,784595,N,N,F,20.0,23.0,N,Y,N,N,100.0,4974.26,300.0,1613188.0,15,6,43.39791667,2.073832269,0.0,1613188.0,31.0,480,465.0,20831.0,20.624305555555555
QB23600888,333135,333135,QB202300,202306,20230519165947233,Y,N,K,QZA,T0,Y,N,N,E85594,N,N,F,20.0,23.0,N,N,N,N,15.0,8291.94,108.0,950684.82,41.22580645,0.072769953,56.66350711,0.052944128,0.0,950684.82,31.0,422,1278.0,23912.0,3.121527777777778
QB23600889,214457,042709,QB202300,202306,20230519165951561,Y,N,Z,QZA,S0,Y,N,N,784595,N,N,F,20.0,23.0,N,Y,N,N,200.0,5064.66,800.0,4111618.0,15,6,43.39791667,2.073832269,0.0,4111618.0,31.0,480,465.0,20831.0,20.624305555555555
QB23600893,007940,003952,QB202300,202306,20230519171232801,Y,N,Z,QZA,S0,Y,N,N,784595,N,N,N,20.0,23.0,N,N,N,N,100.0,5445.47,400.0,2095698.0,49.57647059,0.242050308,43.39791667,0.276510969,0.0,2095698.0,85.0,480,4214.0,20831.0,11.918055555555556
QB23600894,079217,079217,QB202100,202306,20230519171519962,Y,N,Z,QZA,X0,Y,N,N,784544,N,Q03,N,20.0,23.0,N,N,N,N,60.0,4169.4966,280.0,1155707.05,98.70422535,0.040525114,66.61853448,0.06004335,0.0,1155707.05,71.0,1856,7008.0,123644.0,3.7319444444444443
QB23600895,A09635,A09635,QB202100,202306,20230519171546486,Y,N,Z,QZA,L0,Y,N,N,784580,N,N,N,20.0,23.0,N,N,N,N,50.0,4547.685,350.0,1579824.75,55.86206897,1.969135802,54.24759615,2.02773962,0.0,1579824.75,29.0,832,1620.0,45134.0,40.895833333333336
QB23600896,497124,497124,QB202100,202306,20230519171820367,Y,N,Z,QZA,L0,Y,N,N,784580,N,N,N,20.0,23.0,N,N,N,N,30.0,4419.656,150.0,672101.4,29.5,6.305084746,54.24759615,3.428723357,0.0,672101.4,16.0,832,472.0,45134.0,46.77569444444444
QB23600899,917003,917003,QB202200,202306,20230519173144223,Y,A,Z,QPA,I0,N,N,N,784407,N,Q03,N,20.0,23.0,N,N,N,N,600.0,4029.95,3300.0,13659305.0,127.8280255,0,44.75777778,0,0.0,13659305.0,314.0,450,40138.0,20141.0,0.33125
QB23600900,078628,078628,QB202300,202306,20230519173213384,Y,N,Z,QZA,S0,Y,N,N,784595,N,N,F,20.0,23.0,N,N,N,N,300.0,4845.44,420.0,2089324.8,21.39393939,0.560906516,43.39791667,0.276510969,0.0,2089324.8,33.0,480,706.0,20831.0,11.801388888888889
QB23600906,079217,009721,QB202100,202306,20230519174729061,Y,N,Z,QZA,X0,Y,N,N,784544,N,Q03,N,20.0,23.0,N,N,N,N,30.0,4112.9966,1040.0,4275934.46,98.70422535,0.040525114,66.61853448,0.06004335,0.0,4275934.46,71.0,1856,7008.0,123644.0,3.7319444444444443
QB23600908,B08264,B08264,QB202100,202306,20230519175104897,Y,N,Z,QZA,L0,Y,N,N,784580,N,N,F,20.0,23.0,N,N,N,N,50.0,4691.195,300.0,1380238.5,39.78443114,2.23705599,54.24759615,1.640625692,0.0,1380238.5,167.0,832,6644.0,45134.0,19.684722222222224
QB23600910,078628,078628,QB202300,202306,20230519175914952,Y,N,Z,QZA,S0,Y,N,N,784595,N,N,F,20.0,23.0,N,N,N,N,100.0,4813.8,160.0,801170.0,21.39393939,0.560906516,43.39791667,0.276510969,0.0,801170.0,33.0,480,706.0,20831.0,11.801388888888889
QB23600913,079217,009721,QB202100,202306,20230519180452655,Y,A,Z,QZA,X0,Y,N,N,784544,N,Q03,N,20.0,23.0,N,N,N,N,50.0,4117.5166,600.0,2446214.96,98.70422535,0.040525114,66.61853448,0.06004335,0.0,2446214.96,71.0,1856,7008.0,123644.0,3.7312499999999997
QB23600916,079217,009721,QB202100,202306,20230519181420900,Y,N,Z,QZA,X0,Y,N,N,784544,N,Q03,N,20.0,23.0,N,N,N,N,80.0,4169.4966,260.0,1086442.12,98.70422535,0.040525114,66.61853448,0.06004335,0.0,1086442.12,71.0,1856,7008.0,123644.0,3.7305555555555556
QB23600918,476643,476643,QB202300,202306,20230519181830564,Y,N,Z,QZA,S0,Y,N,N,784665,N,N,N,20.0,23.0,N,N,N,N,300.0,4825.1,300.0,1471260.0,44.93162393,0.267072475,43.39791667,0.276510969,0.0,1471260.0,117.0,480,5257.0,20831.0,11.754166666666668
QB23600923,005875,005875,QB202100,202306,20230519182537291,Y,N,Z,QZA,X0,Y,N,N,784589,N,N,N,20.0,23.0,N,N,N,N,60.0,4046.0554,480.0,1938264.59,9.333333333,10.39285714,66.61853448,1.456051244,0.0,1938264.59,6.0,1856,56.0,123644.0,27.840277777777775
QB23600924,078628,078628,QB202300,202306,20230519182723296,Y,N,Z,QZA,S0,Y,N,N,784595,N,N,F,20.0,23.0,N,N,N,N,100.0,4969.74,100.0,504884.0,21.39393939,0.560906516,43.39791667,0.276510969,0.0,504884.0,33.0,480,706.0,20831.0,11.801388888888889
QB23600928,053432,289933,QB202100,202306,20230519183145998,Y,N,Z,QZA,X0,Y,N,N,784589,N,Q03,N,20.0,23.0,N,Y,N,N,200.0,3910.4554,300.0,1200821.62,44.17518248,0.271645737,66.61853448,0.180130051,0.0,1200821.62,137.0,1856,6052.0,123644.0,11.852083333333333
QB23600930,102731,102731,QB202100,202306,20230519184051748,Y,A,Z,QZA,M0,Y,N,N,784588,N,N,N,20.0,23.0,N,N,N,N,25.0,5426.26,500.0,2614255.0,31,0.387096774,44.94050343,0.267019706,0.0,2614255.0,6.0,437,186.0,19639.0,11.81388888888889
QB23600933,009849,009849,QB202100,202306,20230519184915477,Y,N,Z,QZA,M0,Y,N,N,784588,N,N,N,20.0,23.0,N,N,N,N,100.0,5495.19,1075.0,5674718.75,55.6,0.125899281,44.94050343,0.155761495,0.0,5674718.75,25.0,437,1390.0,19639.0,6.884027777777778
QB23600934,002986,002859,QB202300,202306,20230519185057638,Y,A,B,QZA,TG,Y,N,N,784920,N,Q01,N,20.0,23.0,N,Y,N,N,200.0,8033.17,200.0,1606634.0,51.27027027,1.989457037,47.7625,2.135566606,0.0,1606634.0,37.0,80,1897.0,3821.0,32.52152777777778
QB23600935,075969,075969,QB202300,202306,20230519190057966,Y,N,Z,QZA,O0,Y,N,N,YX4316,N,Q01,F,20.0,23.0,N,N,N,N,50.0,7273.81,200.0,1362667.0,92.6969697,1.197450147,67.4570185,1.645492233,0.0,1362667.0,66.0,919,6118.0,61993.0,41.92361111111111
QB23600938,008049,008049,QB202100,202306,20230519191601117,Y,N,Z,QZA,L0,Y,N,N,784580,N,N,N,20.0,23.0,N,N,N,Y,25.0,4573.7428,485.0,2188602.76,78.83673469,1.24307533,54.24759615,1.806531661,0.0,2188602.76,98.0,832,7726.0,45134.0,29.05763888888889
QB23600939,B08268,B08268,QB202200,202306,20230519191710011,Y,A,Z,QZA,I0,Y,N,N,784670,N,Q01,N,20.0,23.0,N,Y,N,N,764.0,4330.16,3394.0,14691478.04,60.83076923,0.164390491,44.75777778,0.223424855,0.0,14691478.04,65.0,450,3954.0,20141.0,9.809722222222222
QB23600940,B08268,B08268,QB202200,202306,20230519192157193,Y,A,Z,QZA,I0,Y,N,N,784670,N,Q01,N,20.0,23.0,N,Y,N,N,100.0,4352.76,3000.0,12997260.0,60.83076923,0.164390491,44.75777778,0.223424855,0.0,12997260.0,65.0,450,3954.0,20141.0,9.804166666666667
QB23600941,004392,007464,QB202300,202306,20230519192321033,Y,N,M,QZA,T0,Y,N,N,784920,N,N,N,20.0,23.0,N,Y,N,N,200.0,6925.77,310.0,2125236.2,63.57377049,1.683084064,56.66350711,1.888340582,0.0,2125236.2,61.0,422,3878.0,23912.0,37.73611111111111
QB23600942,008049,008049,QB202100,202306,20230519192543727,Y,N,Z,QZA,L0,Y,N,N,784580,N,N,N,20.0,23.0,N,N,N,Y,100.0,4460.7428,1809.0,8263538.63,78.83673469,0.152213306,54.24759615,0.221207959,0.0,8263538.63,98.0,832,7726.0,45134.0,12.012500000000001
QB23600943,239811,110181,QB202200,202306,20230519192731700,Y,A,Z,QPA,I0,N,N,N,784407,N,N,N,20.0,23.0,N,N,N,N,80.0,4098.09,2000.0,8078886.0,41.0625,0.04870624,44.75777778,0.044684971,0.0,8078886.0,32.0,450,1314.0,20141.0,2.127083333333333
QB23600945,008363,008363,QB202300,202306,20230519194319996,Y,A,Z,QZA,O0,Y,N,N,YX4316,N,N,N,20.0,21.0,N,N,N,N,42.0,8998.19,42.0,381246.18,36.57920792,2.40573826,67.4570185,1.304534383,0.0,381246.18,202.0,919,7389.0,61993.0,18.627777777777776
QB23600947,367611,B08268,QB202200,202306,20230519195753672,Y,A,Z,QZA,I0,Y,N,N,784670,N,Q01,N,20.0,23.0,N,Y,N,N,100.0,4330.16,2300.0,9896964.88,46.9,1.748400853,44.75777778,1.832083809,0.0,9896964.88,20.0,450,938.0,20141.0,12.80625
QB23600954,009664,009664,QB202300,202306,20230519202056305,Y,N,K,QZA,T0,Y,Y,N,784920,N,N,N,20.0,23.0,N,Y,N,N,30.0,5947.19,320.0,2210144.4,44.0212766,2.203479942,56.66350711,1.711860154,0.0,2210144.4,47.0,422,2069.0,23912.0,27.77638888888889
QB23600955,004576,004576,QB202300,202306,20230519202635054,Y,N,K,QZA,T0,Y,N,N,E85594,N,N,N,20.0,21.0,N,Y,N,N,40.0,6872.66,145.0,1011169.2,45.18095238,2.235455312,56.66350711,1.782452325,0.0,1011169.2,105.0,422,4744.0,23912.0,31.94027777777778
QB23600957,009664,009664,QB202300,202306,20230519203044128,Y,N,K,QZA,T0,Y,N,N,784920,N,N,N,20.0,23.0,N,Y,N,N,100.0,7041.03,300.0,2089709.0,44.0212766,2.203479942,56.66350711,1.711860154,0.0,2089709.0,47.0,422,2069.0,23912.0,27.777083333333334
QB23600958,009664,009664,QB202300,202306,20230519203337449,Y,N,K,QZA,T0,Y,Y,N,784920,N,N,N,20.0,23.0,N,Y,N,N,50.0,6127.99,280.0,1843301.2,44.0212766,2.203479942,56.66350711,1.711860154,0.0,1843301.2,47.0,422,2069.0,23912.0,27.775000000000002
QB23600959,004576,004576,QB202300,202306,20230519203539571,Y,N,K,QZA,T0,Y,N,Y,E85594,N,N,N,20.0,23.0,N,Y,N,N,35.0,7331.44,35.0,256600.4,45.18095238,2.257588533,56.66350711,1.800100368,0.0,256600.4,105.0,422,4744.0,23912.0,32.97013888888889
QB23600960,009664,009664,QB202300,202306,20230519203628603,Y,N,K,QZA,T0,Y,N,N,782078,N,N,N,20.0,23.0,N,Y,N,N,100.0,6871.53,200.0,1374306.0,44.0212766,2.203479942,56.66350711,1.711860154,0.0,1374306.0,47.0,422,2069.0,23912.0,27.777083333333334
QB23600961,009664,009664,QB202300,202306,20230519210514300,Y,N,K,QZA,T0,Y,N,N,782078,N,N,N,20.0,23.0,N,Y,N,N,100.0,6071.49,220.0,1315387.8,44.0212766,2.203479942,56.66350711,1.711860154,0.0,1315387.8,47.0,422,2069.0,23912.0,27.77638888888889
QB23600962,009664,009664,QB202300,202306,20230519210651473,Y,N,K,QZA,T0,Y,N,N,784920,N,N,N,20.0,23.0,N,Y,N,N,70.0,6127.99,270.0,1677157.3,44.0212766,2.203479942,56.66350711,1.711860154,0.0,1677157.3,47.0,422,2069.0,23912.0,27.777083333333334
QB23600963,009664,009664,QB202300,202306,20230519211308917,Y,N,M,QZA,T0,Y,Y,N,782078,N,N,N,20.0,23.0,N,Y,N,Y,48.0,5738.14,174.0,1063185.36,44.0212766,2.203479942,56.66350711,1.711860154,0.0,1063185.36,47.0,422,2069.0,23912.0,27.777083333333334
QB23600965,004576,004576,QB202300,202306,20230519215739469,N,N,K,QZA,T0,Y,N,N,E85594,N,N,N,20.0,23.0,N,Y,N,N,24.0,7367.6,175.0,1236852.8,45.18095238,2.257588533,56.66350711,1.800100368,0.0,1236852.8,105.0,422,4744.0,23912.0,32.97013888888889
QB23600966,004576,004576,QB202300,202306,20230519220028138,N,N,K,QZA,T0,Y,N,Y,E85594,N,N,N,20.0,21.0,N,Y,N,N,35.0,7189.06,85.0,597142.85,45.18095238,2.235455312,56.66350711,1.782452325,0.0,597142.85,105.0,422,4744.0,23912.0,31.938888888888886
QB23600967,004576,004576,QB202300,202306,20230519220127415,N,N,M,QZA,T0,Y,N,N,E85594,N,N,N,20.0,21.0,N,Y,N,N,100.0,6012.73,185.0,1148458.55,45.18095238,2.235455312,56.66350711,1.782452325,0.0,1148458.55,105.0,422,4744.0,23912.0,31.931250000000002
QB23600968,047222,007464,QB202300,202306,20230519221138129,Y,N,M,QZA,T0,Y,N,N,E85594,N,N,N,20.0,21.0,N,Y,N,N,300.0,6125.73,300.0,1837719.0,22.33333333,4.388059701,56.66350711,1.729508197,0.0,1837719.0,9.0,422,201.0,23912.0,28.51597222222222
QB23600969,A17257,A17257,QB202100,202306,20230519221333245,Y,A,Z,QZA,L0,Y,N,N,784580,N,N,N,20.0,23.0,N,N,N,N,100.0,4564.635,1000.0,4520000.0,58.8,0.204081633,54.24759615,0.221207959,0.0,4520000.0,5.0,832,294.0,45134.0,11.465972222222222
QB23600970,047222,007464,QB202300,202306,20230519221454136,Y,N,M,QZA,T0,Y,N,N,E85594,N,N,N,20.0,21.0,N,Y,N,N,200.0,6012.73,200.0,1202546.0,22.33333333,4.388059701,56.66350711,1.729508197,0.0,1202546.0,9.0,422,201.0,23912.0,28.51597222222222
QB23600972,004392,007464,QB202300,202306,20230519222251171,Y,N,K,QZA,T0,Y,N,N,782078,N,N,N,20.0,23.0,N,Y,N,N,200.0,5857.92,400.0,2394018.0,63.57377049,1.683084064,56.66350711,1.888340582,0.0,2394018.0,61.0,422,3878.0,23912.0,37.69444444444444
QB23600974,004392,007464,QB202300,202306,20230519223253897,Y,N,K,QZA,T0,Y,N,N,784920,N,N,N,20.0,21.0,N,Y,N,Y,300.0,6818.42,400.0,2818898.0,63.57377049,1.683084064,56.66350711,1.888340582,0.0,2818898.0,61.0,422,3878.0,23912.0,37.69444444444444
QB23600976,004576,004576,QB202300,202306,20230519225707547,Y,N,M,QZA,T0,Y,N,N,E85594,N,N,N,20.0,21.0,N,Y,N,N,290.0,6586.77,290.0,1910163.3,45.18095238,2.235455312,56.66350711,1.782452325,0.0,1910163.3,105.0,422,4744.0,23912.0,31.89097222222222
QB23600977,004576,004576,QB202300,202306,20230519230025266,Y,N,M,QZA,T0,Y,N,N,E85594,N,N,N,20.0,21.0,N,Y,N,N,260.0,6586.77,260.0,1712560.2,45.18095238,2.235455312,56.66350711,1.782452325,0.0,1712560.2,105.0,422,4744.0,23912.0,31.891666666666666
QB23600982,A17257,A17257,QB202100,202306,20230520170006873,Y,A,Z,QZA,L0,Y,N,N,784580,N,N,N,20.0,23.0,N,N,N,N,50.0,4429.035,50.0,225406.75,58.8,1.428571429,54.24759615,1.54845571,0.0,225406.75,5.0,832,294.0,45134.0,14.85
QB23600983,442402,442402,QB202100,202306,20230520172007573,Y,N,Z,QZA,L0,Y,N,N,784580,N,N,N,20.0,23.0,N,N,N,N,100.0,4760.125,1663.0,7754791.68,42.66666667,2.1328125,54.24759615,1.677493685,0.0,7754791.68,9.0,832,384.0,45134.0,22.12986111111111
QB23600986,002222,002222,QB202000,202306,20230520181532447,N,N,Z,QZD,LC,Y,N,N,105289,N,Q03,N,20.0,23.0,N,N,N,N,100.0,4645.995,1000.0,4522825.0,70.23076923,0.014238773,64.70043,0.015455848,0.0,4522825.0,39.0,2093,2739.0,135418.0,0.8680555555555555
QB23600987,002222,002222,QB202000,202306,20230520181609211,N,N,Z,QZD,LC,Y,N,N,105289,N,Q03,N,20.0,23.0,N,N,N,N,100.0,4476.495,500.0,2264237.5,70.23076923,0.014238773,64.70043,0.015455848,0.0,2264237.5,39.0,2093,2739.0,135418.0,0.8680555555555555
QB23600989,917003,917003,QB202000,202306,20230520181729900,Y,N,Z,QZD,LC,Y,N,N,783412,N,Q03,N,20.0,23.0,N,N,N,N,25.0,4702.495,150.0,689554.25,127.8280255,0.711893966,64.70043,1.406482152,0.0,689554.25,314.0,2093,40138.0,135418.0,22.08263888888889
QB23600992,007098,007098,QB202000,202306,20230520182008104,Y,N,Z,QZD,LC,Y,N,N,783412,N,Q03,N,20.0,23.0,N,N,N,N,60.0,4419.995,349.0,1567765.96,95.79104478,1.931287005,64.70043,2.859331847,0.0,1567765.96,67.0,2093,6418.0,135418.0,46.392361111111114
QB23600993,007098,007098,QB202000,202306,20230520182040412,Y,N,Z,QZD,LC,Y,N,N,783412,N,Q03,N,20.0,23.0,N,N,N,N,22.0,4419.995,90.0,403878.95,95.79104478,1.931287005,64.70043,2.859331847,0.0,403878.95,67.0,2093,6418.0,135418.0,46.392361111111114
QB23601000,052370,053419,QB202000,202306,20230520182420826,Y,N,Z,QZD,LC,Y,N,N,105209,N,Q01,N,20.0,23.0,N,N,N,Y,100.0,4718.3263,506.0,2401137.07,61.71980676,1.45820288,64.70043,1.391026304,0.0,2401137.07,621.0,2093,38328.0,135418.0,21.18402777777778
QB23601012,065357,065357,QB202500,202306,20230522085354862,N,N,Z,QZA,J0,N,N,N,E73005,N,Q01,N,20.0,23.0,N,N,N,N,54.16,5034.15,258.532,1323227.3,14.77777778,5.345864662,59.58059211,1.325935128,4.0,1323227.3,9.0,608,133.0,36225.0,9.820833333333333
QB23601014,065357,065357,QB202500,202306,20230522091206783,N,A,B,QZA,J0,N,N,N,E73005,N,Q01,N,20.0,23.0,N,N,N,N,325.278,5135.85,451.093,2316745.98,14.77777778,5.345864662,59.58059211,1.325935128,17.0,2316745.98,9.0,608,133.0,36225.0,9.821527777777778
QB23601016,065357,065357,QB202500,202306,20230522091335293,N,A,B,QZA,J0,N,N,N,E73005,N,Q01,N,20.0,23.0,N,N,N,N,191.34,5135.85,191.34,982693.54,14.77777778,5.345864662,59.58059211,1.325935128,10.0,982693.54,9.0,608,133.0,36225.0,9.81875
QB23601018,476643,476643,QB202300,202306,20230522091743701,Y,N,Z,QZA,S0,Y,N,Y,784665,N,N,N,20.0,23.0,N,N,N,N,200.0,4827.36,200.0,981292.0,44.93162393,0.200304356,43.39791667,0.207383227,0.0,981292.0,117.0,480,5257.0,20831.0,8.827777777777778
QB23601021,476643,476643,QB202300,202306,20230522110908633,Y,A,B,QZA,S0,Y,N,N,784665,N,N,N,20.0,23.0,N,Y,N,N,200.0,5014.94,200.0,1018808.0,44.93162393,2.04755564,43.39791667,2.119917431,0.0,1018808.0,117.0,480,5257.0,20831.0,22.65416666666667
QB23601022,052370,053419,QB202000,202306,20230522111127215,Y,N,Z,QZD,LC,Y,Y,N,105209,N,Q01,N,20.0,23.0,N,N,N,Y,50.0,4716.0663,270.0,1254127.9,61.71980676,1.587820914,64.70043,1.514673086,0.0,1254127.9,621.0,2093,38328.0,135418.0,28.79375
QB23601023,408185,232964,QB202200,202306,20230522111131672,Y,A,Z,QZA,I0,N,N,N,784407,N,Q03,N,20.0,22.0,N,N,N,N,560.0,4212.64,950.0,4059525.0,17.48333333,0.171591992,44.75777778,0.067027456,0.0,4059525.0,60.0,450,1049.0,20141.0,3.1944444444444446
QB23601024,A03476,141731,QB202500,202306,20230522111242362,N,A,Z,QZA,J0,N,N,N,E81619,N,N,N,20.0,23.0,N,N,N,N,80.814,5396.88,605.101,3205905.01,78.4137931,1.224274406,59.58059211,1.61126294,6.0,3205905.01,29.0,608,2274.0,36225.0,27.222916666666666
QB23601025,A03476,141731,QB202500,202306,20230522111409179,N,A,Z,QZA,J0,N,N,N,E81619,N,N,N,20.0,23.0,N,N,N,N,56.94,5511.01,609.68,3303246.39,78.4137931,1.224274406,59.58059211,1.61126294,4.0,3303246.39,29.0,608,2274.0,36225.0,27.225694444444443
QB23601027,476643,476643,QB202300,202306,20230522111532555,Y,A,C,QZA,S0,Y,N,N,784665,N,N,N,20.0,23.0,N,Y,N,N,200.0,4840.92,400.0,1968008.0,44.93162393,1.758227126,43.39791667,1.820363881,0.0,1968008.0,117.0,480,5257.0,20831.0,9.891666666666667
QB23601029,004988,033494,QB202100,202306,20230522113928950,Y,N,B,QZA,N0,N,N,N,E80347,N,N,N,20.0,23.0,N,N,N,N,50.0,6433.09,50.0,325609.5,12.94736842,0.386178862,54.82336182,0.091201996,0.0,325609.5,19.0,351,246.0,19243.0,4.925694444444445
QB23601030,518784,004683,QB202100,202306,20230522115822902,Y,A,B,QZA,L0,Y,N,N,784580,N,N,N,20.0,23.0,N,N,N,N,20.0,6174.32,132.0,835957.04,43.45833333,0.207094919,54.24759615,0.165905969,0.0,835957.04,24.0,832,1043.0,45134.0,8.717361111111112
QB23601034,040130,040130,QB202100,202306,20230522125723131,Y,N,Z,QZA,M0,Y,N,N,E80347,N,N,N,20.0,23.0,N,N,N,N,100.0,5439.82,100.0,551892.0,44.63636364,0.179226069,44.94050343,0.178013137,0.0,551892.0,55.0,437,2455.0,19639.0,8.080555555555556
QB23601038,009664,009664,QB202300,202306,20230522131707064,Y,N,K,QZA,T0,Y,N,N,784920,N,N,N,20.0,23.0,N,Y,N,N,150.0,6815.03,300.0,2017389.0,44.0212766,2.135331078,56.66350711,1.658916025,0.0,2017389.0,47.0,422,2069.0,23912.0,24.93958333333333
QB23601039,042709,042709,QB202300,202306,20230522132846133,Y,N,B,QZA,S0,Y,N,N,784665,N,N,F,20.0,23.0,N,Y,N,N,100.0,7906.61,400.0,2970544.0,17.04761905,5.279329609,43.39791667,2.073832269,0.0,2970544.0,42.0,480,716.0,20831.0,20.741666666666667
QB23601041,A03476,141731,QB202500,202306,20230522134311279,N,A,Z,QZA,J0,N,N,N,E81619,N,N,N,10.0,11.0,N,N,N,N,148.937,5092.91,731.47,3699747.68,78.4137931,1.096745822,59.58059211,1.44342305,17.0,3699747.68,29.0,608,2274.0,36225.0,17.14236111111111
QB23601043,A03476,141731,QB202500,202306,20230522134850061,N,A,Z,QZA,J0,N,N,N,E81619,N,N,N,20.0,23.0,N,N,N,N,189.588,5396.88,1346.484,7137841.17,78.4137931,1.224274406,59.58059211,1.61126294,14.0,7137841.17,29.0,608,2274.0,36225.0,27.222916666666666
QB23601044,065357,065357,QB202500,202306,20230522135105506,N,N,Z,QZA,J0,N,N,N,E73005,N,Q01,N,20.0,23.0,N,N,N,N,57.253,4977.65,314.403,1568783.65,14.77777778,5.345864662,59.58059211,1.325935128,7.0,1568783.65,9.0,608,133.0,36225.0,9.819444444444445
QB23601056,004392,007464,QB202300,202306,20230522144137259,Y,N,K,QZA,T0,Y,Y,N,784920,N,N,N,20.0,23.0,N,Y,N,N,50.0,6247.77,150.0,901005.5,63.57377049,1.635894791,56.66350711,1.835396454,0.0,901005.5,61.0,422,3878.0,23912.0,34.898611111111116
QB23601058,004392,007464,QB202300,202306,20230522144343480,Y,N,K,QZA,T0,Y,Y,N,784920,N,N,N,20.0,23.0,N,Y,N,N,50.0,6134.77,150.0,892530.5,63.57377049,1.635894791,56.66350711,1.835396454,0.0,892530.5,61.0,422,3878.0,23912.0,34.898611111111116
QB23601060,004392,007464,QB202300,202306,20230522144906674,Y,N,K,QZA,T0,Y,N,N,784920,N,N,N,20.0,23.0,N,Y,N,N,50.0,5857.92,50.0,292896.0,63.57377049,1.635894791,56.66350711,1.835396454,0.0,292896.0,61.0,422,3878.0,23912.0,34.898611111111116
QB23601061,052370,011022,QB202000,202306,20230522145742017,N,N,J,QZA,MC,N,N,N,105209,N,Q01,N,20.0,23.0,N,N,N,Y,25.0,10165.48,104.0,1073176.82,61.71980676,0.064809017,75.38231353,0.053062845,0.0,1073176.82,621.0,2239,38328.0,168781.0,3.928472222222222
QB23601062,009664,009664,QB202300,202306,20230522150245428,Y,N,K,QZA,T0,Y,N,N,784920,N,N,N,20.0,23.0,N,Y,N,N,200.0,6815.03,200.0,1363006.0,44.0212766,2.135331078,56.66350711,1.658916025,0.0,1363006.0,47.0,422,2069.0,23912.0,24.93958333333333
QB23601064,106282,106282,QB202400,202306,20230522150742257,N,A,B,QZA,D0,N,N,N,782822,N,N,N,20.0,23.0,N,N,N,N,24.0,7132.56,108.0,769719.84,19.33333333,0.103448276,35.77678571,0.055902171,0.0,769719.84,18.0,112,348.0,4007.0,1.9027777777777777
QB23601065,004576,004576,QB202300,202306,20230522151010723,Y,N,M,QZA,T0,Y,N,N,E85594,N,N,N,20.0,21.0,N,Y,N,N,500.0,5814.98,500.0,2907490.0,45.18095238,2.169055649,56.66350711,1.729508197,0.0,2907490.0,105.0,422,4744.0,23912.0,29.104166666666668
QB23601070,007940,003952,QB202300,202306,20230522151617095,Y,N,Z,QZA,S0,Y,N,N,784595,N,N,N,20.0,23.0,N,N,N,N,200.0,4874.82,200.0,990784.0,49.57647059,0.181537731,43.39791667,0.207383227,0.0,990784.0,85.0,480,4214.0,20831.0,8.990972222222222
QB23601072,009664,009664,QB202300,202306,20230522152113750,Y,N,K,QZA,T0,Y,N,N,784920,N,N,N,20.0,23.0,N,Y,N,N,130.0,6014.99,260.0,1540393.4,44.0212766,2.135331078,56.66350711,1.658916025,0.0,1540393.4,47.0,422,2069.0,23912.0,24.93958333333333
QB23601074,009664,009664,QB202300,202306,20230522153135648,Y,N,K,QZA,T0,Y,N,N,784920,N,N,N,20.0,23.0,N,Y,N,N,80.0,6127.99,230.0,1420737.7,44.0212766,2.135331078,56.66350711,1.658916025,0.0,1420737.7,47.0,422,2069.0,23912.0,24.93958333333333
QB23601075,009664,009664,QB202300,202306,20230522153556952,Y,N,K,QZA,T0,Y,N,N,784920,N,N,N,20.0,23.0,N,Y,N,Y,50.0,6127.99,242.0,1567515.66,44.0212766,2.135331078,56.66350711,1.658916025,0.0,1567515.66,47.0,422,2069.0,23912.0,24.93958333333333
QB23601081,217992,217992,QB202300,202306,20230522160158159,Y,N,K,QZA,T0,Y,N,N,E85594,N,Q01,N,20.0,23.0,N,N,N,N,50.0,9209.5,100.0,928860.0,112.1111111,0.865213082,56.66350711,1.711860154,0.0,928860.0,9.0,422,1009.0,23912.0,27.816666666666666
QB23601082,456681,003952,QB202300,202306,20230522160255147,Y,A,B,QZA,S0,Y,N,N,784595,N,N,N,20.0,23.0,N,N,N,N,150.0,9733.82,150.0,1471938.0,59.5,0.067226891,43.39791667,0.092170323,0.0,1471938.0,6.0,480,357.0,20831.0,3.5923611111111113
QB23601083,476643,476643,QB202300,202306,20230522160341799,Y,N,B,QZA,S0,Y,N,N,784665,N,N,N,10.0,11.0,N,Y,N,N,200.0,7147.25,200.0,1445270.0,44.93162393,2.04755564,43.39791667,2.119917431,0.0,1445270.0,117.0,480,5257.0,20831.0,22.652777777777775
QB23601086,004576,004576,QB202300,202306,20230522160806457,Y,N,M,QZA,T0,Y,N,N,E85594,N,N,N,20.0,21.0,N,Y,N,N,40.0,5718.93,40.0,228757.2,45.18095238,2.169055649,56.66350711,1.729508197,0.0,228757.2,105.0,422,4744.0,23912.0,28.64097222222222
QB23601089,518784,004683,QB202100,202306,20230522162423302,Y,A,B,QZA,L0,Y,N,N,784629,N,N,N,20.0,23.0,N,N,N,N,32.0,6140.42,32.0,201296.64,43.45833333,4.579098754,54.24759615,3.668365312,0.0,201296.64,24.0,832,1043.0,45134.0,59.77569444444444
QB23601091,004392,007464,QB202300,202306,20230522163023428,Y,N,M,QZA,T0,Y,N,N,784920,N,N,N,20.0,23.0,N,Y,N,N,200.0,7031.99,200.0,1406398.0,63.57377049,1.635894791,56.66350711,1.835396454,0.0,1406398.0,61.0,422,3878.0,23912.0,34.898611111111116
QB23601092,518784,004683,QB202100,202306,20230522163119391,Y,A,B,QZA,L0,Y,N,N,784629,N,N,N,20.0,23.0,N,N,N,N,20.0,4852.22,73.0,351920.56,43.45833333,0.207094919,54.24759615,0.165905969,0.0,351920.56,24.0,832,1043.0,45134.0,8.716666666666667
